obs,btce_ETH_buy,btce_ETH_sell,btce_ETH_depth_bid,btce_ETH_depth_ask,K_bid,k_ask,k_time,k_bid_vol,k_ask_vol,uc_trans
1,0.02374,0.02364,9406.418661649997,2007.8543896299998,0.023666,0.02368,2016-06-11 08:57:30,845.095,109.0,211000.0
2,0.02377,0.02364,8947.995097439996,1985.2462791899998,0.023667,0.02368,2016-06-11 08:57:39,33.94,109.0,211000.0
3,0.02377,0.02364,9405.193755359996,2044.1362922999997,0.023671,0.02368,2016-06-11 08:57:46,72.106,109.0,211000.0
4,0.02377,0.02364,9405.193755359996,2044.1362922999997,0.023672,0.02368,2016-06-11 08:57:55,27.918,109.0,211000.0
5,0.02377,0.02364,9208.123259459999,2046.1579179499995,0.023675,0.02368,2016-06-11 08:58:03,72.205,109.0,211000.0
6,0.02377,0.02364,9208.123259459999,2040.0579179499998,0.023676,0.02368,2016-06-11 08:58:11,17.698,109.0,211000.0
7,0.02377,0.02364,9208.123259459999,1963.8935379499997,0.023676,0.02368,2016-06-11 08:58:19,17.698,107.757,211000.0
8,0.02378,0.02364,9403.230342429997,2040.3059046799997,0.023676,0.02368,2016-06-11 08:58:27,17.698,107.757,211000.0
9,0.02377,0.02364,9385.7746249,2023.1935268899997,0.023676,0.02368,2016-06-11 08:58:34,17.698,107.757,211000.0
10,0.02378,0.02364,8987.042650129997,2043.4182056099999,0.023666,0.02368,2016-06-11 08:58:42,845.095,107.757,211000.0
11,0.02378,0.02364,8987.042650129997,2000.65829954,0.023666,0.02368,2016-06-11 08:58:51,845.095,107.757,211000.0
12,0.02378,0.02364,9208.40438608,2043.4182053099998,0.023667,0.02368,2016-06-11 08:58:59,32.366,107.757,211000.0
13,0.02378,0.02364,8987.256382369997,2042.4182053099998,0.023671,0.0237,2016-06-11 08:59:06,71.575,4.8,211000.0
14,0.02378,0.02364,8987.256382369997,2042.4182052999995,0.023672,0.0237,2016-06-11 08:59:14,33.928,4.8,211000.0
15,0.02377,0.02364,9403.723223369996,2041.4202052999995,0.023677,0.0237,2016-06-11 08:59:22,72.146,4.8,211000.0
16,0.02377,0.02364,9581.058954429998,2025.3078252999999,0.023677,0.0237,2016-06-11 08:59:30,72.146,4.8,211000.0
17,0.02377,0.02364,9581.058954429998,2039.3986592699994,0.023683,0.0237,2016-06-11 08:59:38,72.0,4.8,211000.0
18,0.02377,0.02364,9581.058954429998,2019.3986592699996,0.023684,0.0237,2016-06-11 08:59:46,33.36,4.8,211000.0
19,0.02377,0.02364,9403.700811069997,2019.3986592699996,0.023684,0.0237,2016-06-11 08:59:54,33.26,4.7,211000.0
20,0.02377,0.02364,8985.485505229995,2019.3986592699996,0.023677,0.0237,2016-06-11 09:00:02,71.8,4.7,211000.0
21,0.02377,0.02364,9029.646602599996,2019.3986592699996,0.023677,0.0237,2016-06-11 09:00:10,71.8,4.7,211000.0
22,0.02377,0.02364,9250.455406309997,2019.4086592699996,0.023677,0.0237,2016-06-11 09:00:18,71.8,4.7,211000.0
23,0.02376,0.02364,8985.130463259997,2064.1025292699996,0.023677,0.0237,2016-06-11 09:00:26,71.8,4.7,211000.0
24,0.02375,0.02364,8985.711683259997,2027.6710446299999,0.023671,0.0237,2016-06-11 09:00:34,71.528,4.7,211000.0
25,0.02375,0.02364,9444.760207069998,2022.4282053,0.023671,0.0237,2016-06-11 09:00:42,71.528,4.7,211000.0
26,0.02376,0.02364,9444.760207069998,2029.3882053,0.023671,0.0237,2016-06-11 09:00:50,71.528,4.7,211000.0
27,0.02376,0.02364,8985.689824619996,1969.9686461299998,0.023671,0.0237,2016-06-11 09:00:58,71.528,4.7,211000.0
28,0.02376,0.02364,8984.974634119995,2026.3686592399997,0.023671,0.0237,2016-06-11 09:01:07,71.528,4.7,211000.0
29,0.02376,0.02364,8986.067054809995,2025.4101307899998,0.023671,0.0237,2016-06-11 09:01:15,71.528,4.7,211000.0
30,0.02376,0.02364,8985.988168669996,2025.4101307899998,0.023671,0.0237,2016-06-11 09:01:24,71.528,4.7,211000.0
31,0.02376,0.02364,8981.800127859997,2025.4101307899998,0.023671,0.0237,2016-06-11 09:01:33,71.528,4.7,211000.0
32,0.02375,0.02364,8981.800127859997,2017.4710446,0.023671,0.0237,2016-06-11 09:01:40,71.528,4.7,211000.0
33,0.02374,0.02364,8981.800127859997,2017.4710446,0.023671,0.0237,2016-06-11 09:01:49,71.528,4.7,211000.0
34,0.02374,0.02364,8981.800127859997,2017.4710446,0.023671,0.0237,2016-06-11 09:01:57,71.528,4.7,211000.0
35,0.02374,0.02364,8981.800127859997,2017.4710446,0.023671,0.0237,2016-06-11 09:02:04,71.528,4.7,211000.0
36,0.02374,0.02364,8981.800127859997,2017.4710446,0.023671,0.0237,2016-06-11 09:02:12,71.528,4.7,211000.0
37,0.02374,0.02364,8981.800127859997,2017.4710446,0.023671,0.0237,2016-06-11 09:02:21,71.528,4.7,211000.0
38,0.02374,0.02364,8981.800127859997,2018.01562043,0.023677,0.0237,2016-06-11 09:02:29,71.745,4.7,211000.0
39,0.02374,0.02364,8982.842604279997,2017.4710446,0.023683,0.0237,2016-06-11 09:02:37,71.56,4.7,211000.0
40,0.02374,0.02364,8982.842604279997,2017.4710446,0.023679,0.0237,2016-06-11 09:02:45,42.014,4.7,211000.0
41,0.02374,0.02364,8982.842604279997,2017.4710446,0.023678,0.0237,2016-06-11 09:02:54,42.016,4.7,211000.0
42,0.02374,0.02364,8981.780334249996,2016.3910445999998,0.023683,0.0237,2016-06-11 09:03:02,71.791,4.7,211000.0
43,0.02375,0.02364,8981.780334249996,2016.3910445999998,0.023684,0.0237,2016-06-11 09:03:10,42.005,4.7,211000.0
44,0.02375,0.02364,8981.780334249996,2016.3910445999998,0.023685,0.0237,2016-06-11 09:03:18,42.003,4.7,211000.0
45,0.02375,0.02364,8981.780334249996,2016.3910445999998,0.023678,0.0237,2016-06-11 09:03:27,42.016,4.7,211000.0
46,0.02375,0.02364,8982.850572269996,2016.3910445999998,0.023689,0.0237,2016-06-11 09:03:35,41.996,4.7,211000.0
47,0.02375,0.02364,8981.770405529996,2016.3910445999998,0.02369,0.0237,2016-06-11 09:03:43,41.994,4.7,211000.0
48,0.02375,0.02364,8982.852195579995,2016.3910445999998,0.02369,0.0237,2016-06-11 09:03:52,41.994,4.7,211000.0
49,0.02375,0.02364,8982.852195579995,2016.3910445999998,0.023677,0.0237,2016-06-11 09:04:01,42.017,4.7,211000.0
50,0.02375,0.02364,9025.450119089995,1988.9528796899997,0.023683,0.0237,2016-06-11 09:04:09,42.007,4.7,211000.0
51,0.02375,0.02364,9025.450119089995,1988.9528796899997,0.023683,0.0237,2016-06-11 09:04:17,42.007,4.7,211000.0
52,0.02375,0.02364,9025.450119089995,1988.9528796899997,0.023672,0.0237,2016-06-11 09:04:25,42.026,4.7,211000.0
53,0.02375,0.02364,9025.450119089995,1988.9528796899997,0.023671,0.0237,2016-06-11 09:04:34,71.925,4.7,211000.0
54,0.02375,0.02364,9025.450119089995,1988.9528796899997,0.023671,0.0237,2016-06-11 09:04:42,71.925,4.7,211000.0
55,0.02375,0.02364,9025.450119089995,1988.9528796899997,0.023666,0.0237,2016-06-11 09:04:50,845.095,23.973,211000.0
56,0.02375,0.02364,9025.450119089995,1988.9528796899997,0.023676,0.0237,2016-06-11 09:04:58,71.902,23.973,211000.0
57,0.02375,0.02364,9024.450119089995,1988.9528796899997,0.023671,0.0237,2016-06-11 09:05:06,71.909,23.973,211000.0
58,0.02375,0.02364,9023.950119089995,1988.9528796899997,0.023666,0.0237,2016-06-11 09:05:14,845.095,23.973,211000.0
59,0.02375,0.02364,9023.960484429996,1990.9744256999998,0.023671,0.0237,2016-06-11 09:05:23,71.956,23.973,211000.0
60,0.02375,0.02364,8981.535015029996,1991.9724256999998,0.023666,0.0237,2016-06-11 09:05:31,845.095,23.973,211000.0
61,0.02375,0.02364,8981.535015029996,1992.9724256999998,0.023666,0.0237,2016-06-11 09:05:39,845.095,23.973,211000.0
62,0.02375,0.02364,9023.750783329995,1992.8724257,0.023666,0.0237,2016-06-11 09:05:47,845.095,23.973,211000.0
63,0.02375,0.02364,9617.065565579996,1982.3124257299999,0.023666,0.0237,2016-06-11 09:05:56,845.095,23.973,211000.0
64,0.02375,0.02364,9421.625855579998,1991.9024257299998,0.023666,0.0237,2016-06-11 09:06:04,845.095,23.973,211000.0
65,0.02375,0.02364,9439.577434519997,1991.9024257299998,0.023666,0.0237,2016-06-11 09:06:13,845.095,23.973,211000.0
66,0.02375,0.02364,9439.577434519997,1991.0044257299996,0.023666,0.0237,2016-06-11 09:06:21,845.095,23.973,211000.0
67,0.02375,0.02364,9439.577434519997,1991.0044257299996,0.023666,0.0237,2016-06-11 09:06:29,837.697,23.973,211000.0
68,0.02375,0.02364,16639.093096350003,1991.0044257299996,0.023666,0.0237,2016-06-11 09:06:37,837.697,23.973,211000.0
69,0.02375,0.02364,16639.19309635,1991.4528796999996,0.023666,0.0237,2016-06-11 09:06:45,837.697,23.973,211000.0
70,0.02375,0.02364,16264.61300946,1991.4528796999996,0.023666,0.023696,2016-06-11 09:06:54,837.697,72.131,211000.0
71,0.02375,0.02364,16001.64847627,1991.4528796999996,0.023666,0.0237,2016-06-11 09:07:02,837.697,23.973,211000.0
72,0.02375,0.02364,16001.70075703,1988.4352650599997,0.023666,0.023696,2016-06-11 09:07:11,837.697,71.964,211000.0
73,0.02375,0.02364,16001.70075703,1993.4744256999998,0.023666,0.0237,2016-06-11 09:07:19,837.697,23.973,211000.0
74,0.02375,0.02364,16001.70075703,1993.4744256999998,0.023666,0.0237,2016-06-11 09:07:27,837.697,23.973,211000.0
75,0.02375,0.02364,16001.70075703,1992.0024256999998,0.023666,0.0237,2016-06-11 09:07:36,837.697,23.973,211000.0
76,0.02375,0.02364,16001.67037247,1989.5293869199998,0.023666,0.0237,2016-06-11 09:07:43,837.697,169.873,211000.0
77,0.02375,0.02364,15848.334322019999,1991.0044257299996,0.023666,0.0237,2016-06-11 09:07:52,837.697,169.873,211000.0
78,0.02375,0.02364,16043.621632020002,2044.9228796999996,0.023666,0.0237,2016-06-11 09:08:00,837.697,92.101,211000.0
79,0.02375,0.02364,16043.652016580001,1991.0044257299996,0.023666,0.0237,2016-06-11 09:08:07,837.697,92.101,211000.0
80,0.02375,0.02364,15848.36470658,1988.9828796999996,0.023666,0.0237,2016-06-11 09:08:16,837.697,92.101,211000.0
81,0.02375,0.02364,15848.334322019999,1972.8704996999995,0.023667,0.0237,2016-06-11 09:08:25,32.23,92.101,211000.0
82,0.02375,0.02364,16001.08915247,1985.9652650599996,0.023671,0.0237,2016-06-11 09:08:33,71.708,92.101,211000.0
83,0.02375,0.02364,16001.08915247,1985.9652650599996,0.023676,0.0237,2016-06-11 09:08:42,72.231,92.101,211000.0
84,0.02375,0.02364,16001.08915247,1985.9652650599996,0.023676,0.0237,2016-06-11 09:08:50,72.231,92.101,211000.0
85,0.02375,0.02364,16001.08915247,1985.9652650599996,0.023676,0.0237,2016-06-11 09:08:58,72.231,92.101,211000.0
86,0.02375,0.02364,16001.08915247,1985.9652650599996,0.023677,0.0237,2016-06-11 09:09:06,33.417,92.101,211000.0
87,0.02375,0.02364,16001.08915247,1985.9652650599996,0.023677,0.0237,2016-06-11 09:09:14,33.417,92.101,211000.0
88,0.02375,0.02364,16001.08915247,1985.9652650599996,0.023677,0.0237,2016-06-11 09:09:22,16.702,92.101,211000.0
89,0.02375,0.02364,16001.08915247,1985.9652650599996,0.02368,0.0237,2016-06-11 09:09:31,72.111,92.101,211000.0
90,0.02375,0.02364,16001.08915247,1985.9652650599996,0.023667,0.0237,2016-06-11 09:09:39,31.549,92.101,211000.0
91,0.02375,0.02364,16001.08915247,1985.9652650599996,0.023676,0.0237,2016-06-11 09:09:48,72.09,92.101,211000.0
92,0.02375,0.02364,15949.400767060002,1985.9652650299997,0.023676,0.0237,2016-06-11 09:09:55,72.09,92.101,211000.0
93,0.02375,0.02364,15949.400767060002,1985.9652650299997,0.023677,0.0237,2016-06-11 09:10:04,20.018,92.101,211000.0
94,0.02375,0.02364,15949.400767060002,1985.9652650299997,0.023677,0.0237,2016-06-11 09:10:12,20.018,92.101,211000.0
95,0.02375,0.02364,15949.400767060002,1985.9652650299997,0.023672,0.0237,2016-06-11 09:10:20,34.333,92.101,211000.0
96,0.02375,0.02364,15949.400767060002,1985.9652650299997,0.023676,0.0237,2016-06-11 09:10:28,71.812,92.101,211000.0
97,0.02375,0.02364,15949.400767060002,1988.1452650299998,0.023677,0.0237,2016-06-11 09:10:37,32.079,92.101,211000.0
98,0.02375,0.02364,15949.400767060002,1988.1452650299998,0.023677,0.0237,2016-06-11 09:10:45,12.001,92.101,211000.0
99,0.02375,0.02364,15949.400767060002,1988.1452650299998,0.023672,0.0237,2016-06-11 09:10:53,12.001,92.101,211000.0
100,0.02375,0.02364,15949.400767060002,1988.1452650299998,0.023676,0.0237,2016-06-11 09:11:01,71.846,92.101,211000.0
101,0.02375,0.02364,16001.067256490001,1980.3778150699998,0.023677,0.0237,2016-06-11 09:11:10,31.274,92.101,211000.0
102,0.02375,0.02364,16001.067256490001,1980.3778150699998,0.023677,0.0237,2016-06-11 09:11:18,31.274,92.101,211000.0
103,0.02375,0.02364,15911.067256490001,1981.2190433199996,0.023677,0.0237,2016-06-11 09:11:26,31.274,92.101,211000.0
104,0.02375,0.02364,15953.509516040001,1973.9541133199998,0.023677,0.0237,2016-06-11 09:11:35,31.274,92.101,211000.0
105,0.02375,0.02364,15953.509516040001,1981.2990433199998,0.023677,0.0237,2016-06-11 09:11:44,31.274,92.101,211000.0
106,0.02375,0.02364,15953.509516040001,1981.2990433199998,0.023676,0.0237,2016-06-11 09:11:52,71.696,92.101,211000.0
107,0.02375,0.02364,15954.090736040002,1990.0664933199998,0.023666,0.0237,2016-06-11 09:12:00,837.697,92.101,211000.0
108,0.02375,0.02364,15954.090736040002,1990.0664933199998,0.023666,0.0237,2016-06-11 09:12:09,837.697,92.101,211000.0
109,0.02375,0.02364,15954.090736040002,1990.0664933199998,0.023671,0.0237,2016-06-11 09:12:17,71.655,92.101,211000.0
110,0.02375,0.02364,15954.090736040002,1990.0664933199998,0.023671,0.0237,2016-06-11 09:12:25,71.655,92.101,211000.0
111,0.02375,0.02364,15954.090736040002,1990.0664933199998,0.023672,0.023699,2016-06-11 09:12:33,32.607,71.992,211000.0
112,0.02375,0.02364,15954.090736040002,1990.0664933199998,0.023676,0.0237,2016-06-11 09:12:42,72.052,19.873,211000.0
113,0.02375,0.02364,15954.090736040002,1987.6934545099996,0.023666,0.023699,2016-06-11 09:12:50,837.697,71.693,211000.0
114,0.02375,0.02364,15954.090736040002,1987.6934545099996,0.023667,0.0237,2016-06-11 09:12:58,30.891,19.873,211000.0
115,0.02375,0.02364,15954.090736040002,1990.0664933199998,0.023671,0.0237,2016-06-11 09:13:07,71.861,19.873,211000.0
116,0.02375,0.02364,15954.090736040002,1990.0664933199998,0.023666,0.0237,2016-06-11 09:13:15,837.697,19.873,211000.0
117,0.02375,0.02364,15954.143016360002,1990.0664933199998,0.023666,0.023699,2016-06-11 09:13:23,837.697,72.232,211000.0
118,0.02375,0.02364,15954.143016360002,1990.0664933199998,0.023666,0.0237,2016-06-11 09:13:31,837.697,19.873,211000.0
119,0.02375,0.02364,15954.143016360002,1990.0664933199998,0.023666,0.0237,2016-06-11 09:13:39,837.697,19.873,211000.0
120,0.02375,0.02364,15954.143016360002,1990.0664933199998,0.023666,0.023699,2016-06-11 09:13:46,837.697,71.93,211000.0
121,0.02375,0.02364,15954.143016360002,1990.0664933199998,0.023676,0.023719,2016-06-11 09:13:54,72.091,3.13,211000.0
122,0.02375,0.02364,15954.143016360002,1987.8864933199998,0.023676,0.023718,2016-06-11 09:14:03,72.091,0.25,211000.0
123,0.02375,0.02364,15949.338847980001,1987.7864933199996,0.023676,0.023748,2016-06-11 09:14:11,72.091,71.878,211000.0
124,0.02375,0.02364,15696.473352550001,1971.7741133199995,0.023687,0.023746,2016-06-11 09:14:19,71.586,4.158,211000.0
125,0.02375,0.02364,15890.585421860002,1987.7864933199996,0.023687,0.023752,2016-06-11 09:14:28,71.586,150.0,211000.0
126,0.02375,0.02364,15890.585421860002,1987.7864933199996,0.023717,0.023752,2016-06-11 09:14:36,162.45,145.84,211000.0
127,0.02375,0.02364,15844.046893410003,1985.8479648699997,0.023717,0.023752,2016-06-11 09:14:45,162.45,67.405,211000.0
128,0.02378,0.02375,15893.643493410002,1988.8655795099996,0.023717,0.023754,2016-06-11 09:14:53,162.45,319.66,211000.0
129,0.02378,0.02375,15893.643493410002,1988.8655795099994,0.023755,0.023817,2016-06-11 09:15:01,153.76,174.501,211000.0
130,0.02378,0.02375,15852.943493410003,1949.5655795099995,0.02376,0.023816,2016-06-11 09:15:09,11.781,378.88,211000.0
131,0.02378,0.02375,15843.143493410002,1988.8655795099994,0.023717,0.023811,2016-06-11 09:15:18,162.45,150.69,211000.0
132,0.02378,0.02375,15843.143493410002,1988.8655795099994,0.023689,0.023803,2016-06-11 09:15:26,71.743,139.672,211000.0
133,0.02378,0.02375,15842.078397120002,1988.8655795099994,0.023694,0.023798,2016-06-11 09:15:34,71.57,350.49,211000.0
134,0.02378,0.02375,15844.078397120002,1988.8655795099994,0.023754,0.023792,2016-06-11 09:15:42,153.49,63.326,211000.0
135,0.02378,0.02375,15853.878397120003,1949.5655795099995,0.023785,0.023785,2016-06-11 09:15:50,157.19,151.934,211000.0
136,0.02378,0.02375,15894.578397120002,1985.9479648699996,0.023721,0.02378,2016-06-11 09:15:59,163.81,220.076,211000.0
137,0.02378,0.02375,15894.578397120002,1986.1105265799995,0.023753,0.02378,2016-06-11 09:16:07,158.77,220.076,211000.0
138,0.02378,0.02375,15894.578397120002,1946.8105265799995,0.023753,0.023776,2016-06-11 09:16:15,158.77,176.989,211000.0
139,0.02378,0.02375,15594.578397120005,1986.1105265799995,0.023726,0.023776,2016-06-11 09:16:23,71.716,176.989,211000.0
140,0.02377,0.02375,15844.078397120002,1986.1105265799997,0.023726,0.023774,2016-06-11 09:16:31,71.716,107.06,211000.0
141,0.02377,0.02375,15894.578397120002,1981.8344150799996,0.023726,0.023773,2016-06-11 09:16:39,71.716,220.516,211000.0
142,0.02377,0.02375,15894.578397120002,1986.2105265799996,0.023726,0.023771,2016-06-11 09:16:48,56.949,220.516,211000.0
143,0.02377,0.02375,15894.578397120002,1986.2105265799996,0.023751,0.023771,2016-06-11 09:16:56,168.461,220.516,211000.0
144,0.02377,0.02375,15894.578397120002,1986.0479648699998,0.02372,0.023771,2016-06-11 09:17:04,71.889,220.516,211000.0
145,0.02377,0.02375,15894.578397120002,1986.0479648699998,0.02375,0.02377,2016-06-11 09:17:12,172.03,138.204,211000.0
146,0.02377,0.02375,15843.385197120002,1985.9679648699996,0.02375,0.023767,2016-06-11 09:17:21,147.728,63.326,211000.0
147,0.02377,0.02375,15843.268687130003,1985.9679648699996,0.023726,0.023763,2016-06-11 09:17:30,71.463,63.326,211000.0
148,0.02377,0.02375,15843.268687130003,1977.2005148699996,0.023726,0.023762,2016-06-11 09:17:38,71.463,46.82,211000.0
149,0.02377,0.02375,15842.568687130002,1937.9005148699996,0.023726,0.02376,2016-06-11 09:17:46,71.463,46.77,211000.0
150,0.02377,0.02375,15843.268687130003,1972.2005148699996,0.023766,0.023807,2016-06-11 09:17:54,116.115,206.117,211000.0
151,0.02377,0.02375,15864.059751370001,1985.9679648099998,0.023788,0.023807,2016-06-11 09:18:02,157.1,206.117,211000.0
152,0.02377,0.02375,15819.08074742,1913.19092607,0.023757,0.023807,2016-06-11 09:18:10,71.781,59.323,211000.0
153,0.02377,0.02375,15724.73667038,1950.5949260199995,0.023772,0.023806,2016-06-11 09:18:18,71.468,104.934,211000.0
154,0.02377,0.02375,15918.87087038,1915.66396483,0.023736,0.023805,2016-06-11 09:18:26,71.902,135.263,211000.0
155,0.02377,0.02375,15918.87087038,1952.9679648299996,0.023741,0.023803,2016-06-11 09:18:34,71.595,135.263,211000.0
156,0.02377,0.02375,15862.79087038,1937.6443654699997,0.023688,0.023802,2016-06-11 09:18:42,3.75,86.874,211000.0
157,0.02377,0.02375,15840.65894038,1937.6443654699997,0.023693,0.0238,2016-06-11 09:18:50,12.61,63.326,211000.0
158,0.02377,0.02375,15724.03667038,1900.3403654699998,0.023699,0.023798,2016-06-11 09:18:58,13.93,63.326,211000.0
159,0.02377,0.02375,15867.834770380001,1939.6403654699996,0.023716,0.023791,2016-06-11 09:19:08,6.85,63.326,211000.0
160,0.02377,0.02375,15867.834770380001,1939.6403654699996,0.023726,0.023772,2016-06-11 09:19:16,71.612,21.381,211000.0
161,0.02377,0.02375,15878.334770380001,1938.6197002599997,0.023731,0.023771,2016-06-11 09:19:24,71.977,176.722,211000.0
162,0.02377,0.02375,15918.334770380001,1939.6403654699996,0.023733,0.023771,2016-06-11 09:19:32,71.897,176.722,211000.0
163,0.02377,0.02375,15862.95477038,1934.6403655199995,0.023734,0.023771,2016-06-11 09:19:40,18.705,21.923,211000.0
164,0.02377,0.02375,15913.61894038,1934.6403655199995,0.023734,0.02377,2016-06-11 09:19:47,34.428,135.263,211000.0
165,0.02377,0.02375,15915.22894038,1946.1965148799995,0.023707,0.02385,2016-06-11 09:19:55,11.05,63.326,211000.0
166,0.02377,0.02375,15720.76667038,1946.1965148799995,0.023717,0.023792,2016-06-11 09:20:03,14.79,21.388,211000.0
167,0.02377,0.02375,15826.07279038,1946.1965148799995,0.023728,0.023848,2016-06-11 09:20:11,9.9,63.326,211000.0
168,0.02377,0.02375,15913.37279038,1906.8965148799998,0.02373,0.023847,2016-06-11 09:20:19,6.15,135.263,211000.0
169,0.02377,0.02375,15649.56112556,1955.0639648499996,0.023734,0.023818,2016-06-11 09:20:27,71.375,198.589,211000.0
170,0.02377,0.02375,15843.371335570002,1955.0639648499996,0.023735,0.023847,2016-06-11 09:20:36,3.629,198.589,211000.0
171,0.02377,0.02375,15843.371335570002,1955.0639648499996,0.02374,0.023847,2016-06-11 09:20:44,71.757,198.589,211000.0
172,0.02377,0.02375,15842.112024670003,1954.9639648399996,0.023722,0.023845,2016-06-11 09:20:51,71.837,135.263,211000.0
173,0.02377,0.02375,15778.797021780001,1948.5918533699996,0.023727,0.023821,2016-06-11 09:21:00,71.662,21.923,211000.0
174,0.02377,0.02375,15436.497883910002,1981.4345705899996,0.023728,0.023839,2016-06-11 09:21:09,71.58,17.086,211000.0
175,0.02377,0.02375,15436.497883910002,1981.4345705899996,0.023729,0.02382,2016-06-11 09:21:17,31.006,21.392,211000.0
176,0.02377,0.02375,15436.497883910002,1981.4345705899996,0.023734,0.023836,2016-06-11 09:21:25,71.285,5.0,211000.0
177,0.02377,0.02375,15845.684269650003,1981.4345705899996,0.023735,0.023833,2016-06-11 09:21:34,6.906,198.589,211000.0
178,0.02377,0.02375,15768.884269650001,1981.4345705899996,0.02374,0.02383,2016-06-11 09:21:42,71.961,3.88,211000.0
179,0.02377,0.02375,15845.684269650003,1981.4345705899996,0.02374,0.023828,2016-06-11 09:21:50,71.961,1.78,211000.0
180,0.02377,0.02375,15845.684269650003,1981.4345705899996,0.023693,0.023826,2016-06-11 09:21:58,71.407,1.78,211000.0
181,0.02377,0.02375,15768.884269650001,1981.4345705899996,0.023699,0.023779,2016-06-11 09:22:06,71.911,135.263,211000.0
182,0.02377,0.02375,15845.684269650003,1981.4345705899996,0.023699,0.023779,2016-06-11 09:22:14,71.911,135.263,211000.0
183,0.02377,0.02375,15845.684269650003,1981.4345705899996,0.0237,0.023769,2016-06-11 09:22:23,19.876,21.383,211000.0
184,0.02377,0.02375,15877.184269650003,1981.4345705899996,0.023705,0.023769,2016-06-11 09:22:31,71.6,21.383,211000.0
185,0.02377,0.02375,15877.184269650003,1979.4385705899995,0.023706,0.023768,2016-06-11 09:22:39,33.033,135.263,211000.0
186,0.02377,0.02375,15877.184269650003,1981.4345705899996,0.023712,0.023816,2016-06-11 09:22:47,6.11,63.326,211000.0
187,0.02377,0.02375,15877.655379640002,1980.8907731599995,0.023699,0.023814,2016-06-11 09:22:55,71.26,2.772,211000.0
188,0.02377,0.02375,15878.000179640001,1976.4345705899996,0.023705,0.023813,2016-06-11 09:23:03,71.419,135.513,211000.0
189,0.02377,0.02375,15877.183669650001,1976.4345705899996,0.023705,0.023786,2016-06-11 09:23:11,71.419,135.263,211000.0
190,0.02377,0.02375,15837.183669650001,1978.9615317799996,0.023706,0.023812,2016-06-11 09:23:19,33.806,135.263,211000.0
191,0.02377,0.02375,15877.183669650001,1978.9615317799996,0.023716,0.023812,2016-06-11 09:23:27,71.874,156.66,211000.0
192,0.02377,0.02375,15877.183669650001,1976.4345705899996,0.023717,0.023812,2016-06-11 09:23:35,28.44,156.66,211000.0
193,0.02377,0.02375,15877.183669650001,1976.4345705899996,0.023723,0.023812,2016-06-11 09:23:43,32.465,156.66,211000.0
194,0.02377,0.02375,15836.520743850002,1976.4345705899996,0.023728,0.023811,2016-06-11 09:23:51,71.416,66.37,211000.0
195,0.02377,0.02375,15876.520743850002,1976.4345705899996,0.023729,0.02381,2016-06-11 09:24:00,33.746,198.589,211000.0
196,0.02377,0.02375,15876.520743850002,1976.4345705899996,0.023734,0.023809,2016-06-11 09:24:08,71.475,3.19,211000.0
197,0.02377,0.02375,15682.54580384,1976.4345705899996,0.023677,0.023789,2016-06-11 09:24:16,71.516,135.263,211000.0
198,0.02377,0.02375,15877.83311384,1976.4345705899996,0.023677,0.023804,2016-06-11 09:24:25,71.516,198.589,211000.0
199,0.02377,0.02375,15877.718542740002,1976.4345705899996,0.023683,0.023802,2016-06-11 09:24:32,71.845,135.263,211000.0
200,0.02377,0.02375,15877.718542740002,1976.4345705899996,0.023683,0.023758,2016-06-11 09:24:40,71.845,21.392,211000.0
201,0.02377,0.02375,15877.718542740002,1976.4345705899996,0.023689,0.023758,2016-06-11 09:24:48,71.807,21.392,211000.0
202,0.02377,0.02375,15877.718542740002,1976.4345705899996,0.023689,0.023758,2016-06-11 09:24:56,71.807,21.392,211000.0
203,0.02377,0.02375,15877.718542740002,1976.4345705899996,0.023695,0.023758,2016-06-11 09:25:04,71.595,21.392,211000.0
204,0.02377,0.02375,15732.93123274,1976.9991881999995,0.023695,0.023758,2016-06-11 09:25:11,71.595,21.392,211000.0
205,0.02377,0.02375,15877.718542740002,1976.9991881999995,0.023706,0.023758,2016-06-11 09:25:35,71.95,21.392,211000.0
206,0.02377,0.02375,15824.266054180001,1953.2905267099998,0.023706,0.023758,2016-06-11 09:25:43,71.95,21.392,211000.0
207,0.02377,0.02375,15839.766054180001,1986.2905267099995,0.023712,0.023758,2016-06-11 09:25:52,71.838,21.392,211000.0
208,0.02377,0.02375,15859.876307100001,1986.2905267099995,0.023712,0.023758,2016-06-11 09:26:00,71.838,21.392,211000.0
209,0.02377,0.02375,15859.876307100001,1986.2905267099995,0.023718,0.023758,2016-06-11 09:26:09,71.546,21.392,211000.0
210,0.02377,0.02375,15859.876307100001,1986.2905267099995,0.023673,0.023758,2016-06-11 09:26:18,30.956,21.392,211000.0
211,0.02377,0.02375,15859.876307100001,1986.2905267099995,0.023673,0.023758,2016-06-11 09:26:26,30.956,21.392,211000.0
212,0.02377,0.02375,15857.690687100001,1994.0686821699996,0.023678,0.023758,2016-06-11 09:26:34,71.968,21.392,211000.0
213,0.02377,0.02375,16008.913687100001,1993.9574600999997,0.023684,0.023758,2016-06-11 09:26:42,71.439,21.392,211000.0
214,0.02377,0.02375,15864.126377100001,1993.9574600999997,0.023685,0.023758,2016-06-11 09:26:50,31.883,21.392,211000.0
215,0.02377,0.02375,15539.85554677,1980.0643188799997,0.02369,0.023758,2016-06-11 09:26:58,71.622,21.392,211000.0
216,0.02377,0.02375,15594.463687220003,1994.7779126799999,0.02369,0.023758,2016-06-11 09:27:07,71.622,21.392,211000.0
217,0.02377,0.02375,15594.463687220003,1994.7779126799999,0.023691,0.023758,2016-06-11 09:27:15,31.168,21.392,211000.0
218,0.02377,0.02365,15594.057618190001,1994.7779126799996,0.023701,0.023758,2016-06-11 09:27:23,71.794,21.392,211000.0
219,0.02377,0.02365,15594.057618190001,1994.7779126799996,0.023701,0.023758,2016-06-11 09:27:31,71.794,21.392,211000.0
220,0.02377,0.02365,15594.057618190001,1994.7779126799996,0.023701,0.023758,2016-06-11 09:27:39,71.794,21.392,211000.0
221,0.02377,0.02365,15399.963478410002,1982.5491260099996,0.023712,0.023758,2016-06-11 09:27:46,71.99,21.392,211000.0
222,0.02377,0.02365,15181.034149100002,1980.2041960099996,0.023712,0.023758,2016-06-11 09:27:53,71.99,21.392,211000.0
223,0.02377,0.02366,15436.75818841,1987.5491260099996,0.023666,0.023712,2016-06-11 09:28:02,837.697,38.568,211000.0
224,0.02377,0.02366,15241.801728409999,1994.6380341799997,0.023667,0.023752,2016-06-11 09:28:09,137.519,38.568,211000.0
225,0.02377,0.02365,15401.68903841,1994.6380341799997,0.023678,0.023746,2016-06-11 09:28:18,34.362,38.568,211000.0
226,0.02377,0.02365,15535.85703841,1994.6380341799997,0.023683,0.02373,2016-06-11 09:28:26,71.779,38.568,211000.0
227,0.02377,0.02365,15404.720758649999,1984.1480341799995,0.023684,0.02373,2016-06-11 09:28:34,19.615,38.568,211000.0
228,0.02377,0.02365,15437.08643841,1993.1317897699994,0.023689,0.02373,2016-06-11 09:28:43,71.771,59.999,211000.0
229,0.02377,0.02365,15437.08643841,1992.7337290099997,0.023689,0.02373,2016-06-11 09:28:51,71.771,59.999,211000.0
230,0.02377,0.02365,15437.08643841,1992.7337290099997,0.02369,0.02373,2016-06-11 09:28:59,33.702,59.999,211000.0
231,0.02377,0.02365,15512.90943841,1992.7337290099997,0.023695,0.02373,2016-06-11 09:29:07,71.458,59.999,211000.0
232,0.02377,0.02365,15393.02212841,1992.7337290099997,0.023696,0.02373,2016-06-11 09:29:15,32.971,59.999,211000.0
233,0.02377,0.02365,15241.83414892,1992.7337290099997,0.023696,0.02373,2016-06-11 09:29:23,32.971,59.999,211000.0
234,0.02377,0.02365,15436.02903823,1993.8337290099996,0.023677,0.02373,2016-06-11 09:29:31,71.358,21.431,211000.0
235,0.02377,0.02365,15436.02903823,1993.6872139399995,0.023677,0.023729,2016-06-11 09:29:40,71.358,38.568,211000.0
236,0.02377,0.02365,15436.02903823,1993.6872139399995,0.023683,0.023729,2016-06-11 09:29:48,72.102,38.568,211000.0
237,0.02377,0.02365,15436.02903823,1993.6872139399995,0.023683,0.023796,2016-06-11 09:29:56,72.102,170.449,211000.0
238,0.02377,0.02365,15436.02903823,1993.6872139399995,0.023684,0.023767,2016-06-11 09:30:04,85.88,135.263,211000.0
239,0.02377,0.02365,15374.800158679998,1998.3833704099995,0.023689,0.023794,2016-06-11 09:30:12,71.723,180.312,211000.0
240,0.02377,0.02365,15440.851477010001,1998.3833704099995,0.023695,0.023789,2016-06-11 09:30:20,71.386,38.568,211000.0
241,0.02377,0.02365,15405.451477010001,1998.3833704099995,0.023695,0.023788,2016-06-11 09:30:28,71.386,1.55,211000.0
242,0.02377,0.02365,15392.274531070001,1998.3833704099995,0.023696,0.02375,2016-06-11 09:30:36,30.843,1.03,211000.0
243,0.02377,0.02365,15547.396281070001,1998.3833704099995,0.023702,0.023749,2016-06-11 09:30:44,34.755,38.568,211000.0
244,0.02377,0.02365,15511.996281070002,2000.3833704099995,0.023707,0.023749,2016-06-11 09:30:53,71.526,38.568,211000.0
245,0.02377,0.02365,15244.631951759999,2000.3833704099995,0.023672,0.023749,2016-06-11 09:31:02,71.503,37.726,211000.0
246,0.02377,0.02365,15592.714841070001,2000.3833704099995,0.023672,0.023749,2016-06-11 09:31:10,71.503,37.726,211000.0
247,0.02377,0.02365,15397.409567190001,2000.3833704099995,0.023674,0.023749,2016-06-11 09:31:19,4.04,37.726,211000.0
248,0.02377,0.02365,15340.73564743,2000.1496887699996,0.023678,0.023749,2016-06-11 09:31:27,71.894,37.726,211000.0
249,0.02376,0.02366,15388.30887719,2000.1496887699996,0.023679,0.023749,2016-06-11 09:31:35,85.794,37.726,211000.0
250,0.02377,0.02366,15244.613987879999,2002.1304883199996,0.02369,0.023749,2016-06-11 09:31:43,22.973,37.726,211000.0
251,0.02375,0.02366,15457.911877190001,1959.4968066799997,0.0237,0.023749,2016-06-11 09:31:51,71.553,37.726,211000.0
252,0.02375,0.02366,15388.524567190001,2005.1178651899997,0.0237,0.023749,2016-06-11 09:32:00,71.553,37.726,211000.0
253,0.02375,0.02366,15244.613987879999,2008.2865148599997,0.023706,0.023749,2016-06-11 09:32:08,71.961,37.726,211000.0
254,0.02375,0.02366,15438.80887719,2008.2865148599997,0.023707,0.023749,2016-06-11 09:32:15,34.65,37.726,211000.0
255,0.02375,0.02366,15438.80887719,2008.2865148599997,0.023707,0.02375,2016-06-11 09:32:23,34.65,1.03,211000.0
256,0.02375,0.02366,15438.80887719,2008.2865148599997,0.023712,0.02375,2016-06-11 09:32:31,71.415,1.03,211000.0
257,0.02375,0.02366,15403.00129788,2008.2865148599997,0.023672,0.02375,2016-06-11 09:32:41,71.874,1.03,211000.0
258,0.02375,0.02365,15438.64331719,2005.2689002199998,0.023673,0.02375,2016-06-11 09:32:49,31.963,1.03,211000.0
259,0.02372,0.02365,15244.457556509999,2019.4075498599998,0.023683,0.02375,2016-06-11 09:32:57,71.673,1.03,211000.0
260,0.02371,0.02365,15438.65244582,2011.63436156,0.023684,0.02375,2016-06-11 09:33:05,42.005,1.03,211000.0
261,0.02374,0.02365,15438.65244582,2011.63436156,0.023689,0.02375,2016-06-11 09:33:13,71.554,1.03,211000.0
262,0.02372,0.02365,15438.65244582,2012.1642066699999,0.023691,0.02375,2016-06-11 09:33:20,23.726,1.03,211000.0
263,0.02371,0.02365,15438.65244582,2012.1642066699999,0.023702,0.02375,2016-06-11 09:33:29,41.973,1.03,211000.0
264,0.02369,0.02365,15438.65244582,2011.8425427599998,0.023707,0.02375,2016-06-11 09:33:36,71.625,1.03,211000.0
265,0.02374,0.02365,15438.65244582,2011.8425427599998,0.023707,0.02375,2016-06-11 09:33:44,71.625,1.03,211000.0
266,0.02371,0.02365,15438.65244582,2009.2635394599997,0.023707,0.02375,2016-06-11 09:33:53,71.625,1.03,211000.0
267,0.02371,0.02365,15438.65244582,2011.6907006499996,0.023673,0.02375,2016-06-11 09:34:01,42.025,1.03,211000.0
268,0.0237,0.02365,15286.56501606,2002.2763394599997,0.023712,0.02375,2016-06-11 09:34:17,71.999,1.03,211000.0
269,0.0237,0.02363,15601.44968788,2012.4671394599998,0.023712,0.02375,2016-06-11 09:34:25,71.999,1.03,211000.0
270,0.0237,0.02363,15373.329147429999,2017.61599276,0.023717,0.02375,2016-06-11 09:34:33,71.38,1.03,211000.0
271,0.02373,0.02365,15439.57697788,2012.3255624499998,0.023678,0.02375,2016-06-11 09:34:40,96.149,1.03,211000.0
272,0.02377,0.02364,15684.386890060001,2002.4369852699995,0.023689,0.02375,2016-06-11 09:34:58,71.634,1.03,211000.0
273,0.02377,0.02366,15488.353696799999,2002.4369852699995,0.02369,0.02375,2016-06-11 09:35:07,76.719,1.03,211000.0
274,0.02377,0.02365,15721.28689006,2002.9205051299996,0.023696,0.02375,2016-06-11 09:35:15,41.984,1.03,211000.0
275,0.02377,0.02366,15424.19603635,2002.9205051299996,0.023702,0.02375,2016-06-11 09:35:23,41.973,1.03,211000.0
276,0.02377,0.02366,15456.9463768,2002.9205051299996,0.023712,0.02375,2016-06-11 09:35:31,71.945,1.03,211000.0
277,0.02377,0.02366,15456.9463768,2002.9205051299996,0.023713,0.02375,2016-06-11 09:35:40,30.201,1.03,211000.0
278,0.02377,0.02366,15456.9463768,2002.9205051299996,0.023718,0.02375,2016-06-11 09:35:48,71.985,1.03,211000.0
279,0.02377,0.02366,15499.396036350001,2002.9205051299996,0.023729,0.02375,2016-06-11 09:35:56,71.512,1.03,211000.0
280,0.02377,0.02366,15499.396036350001,2004.9420511599997,0.02373,0.02375,2016-06-11 09:36:04,32.13,1.03,211000.0
281,0.02377,0.02366,15499.396036350001,2004.9420511599997,0.02373,0.02375,2016-06-11 09:36:12,11.874,1.03,211000.0
282,0.02377,0.02366,15499.396036350001,2004.9420511599997,0.023683,0.02375,2016-06-11 09:36:21,3.08,1.03,211000.0
283,0.02377,0.02366,15456.9463768,2004.9420511599997,0.023698,0.02375,2016-06-11 09:36:29,71.763,1.03,211000.0
284,0.02377,0.02366,15456.9463768,2004.9420511599997,0.023698,0.02375,2016-06-11 09:36:37,71.763,1.03,211000.0
285,0.02377,0.02366,15456.9463768,2004.9420511599997,0.023699,0.02375,2016-06-11 09:36:45,72.883,1.03,211000.0
286,0.02377,0.02366,15456.9463768,2004.9420511599997,0.023704,0.02375,2016-06-11 09:36:53,71.529,1.03,211000.0
287,0.02377,0.02366,15456.9463768,2004.9420511599997,0.023705,0.02376,2016-06-11 09:37:01,31.219,71.921,211000.0
288,0.02377,0.02366,15461.50687217,2002.9205051299996,0.02371,0.02376,2016-06-11 09:37:09,71.434,71.921,211000.0
289,0.02376,0.02366,15463.956531720001,2002.2370999899997,0.023711,0.023799,2016-06-11 09:37:17,31.302,135.263,211000.0
290,0.02376,0.02366,15428.75653172,2002.2370999899997,0.023721,0.023799,2016-06-11 09:37:26,71.531,135.263,211000.0
291,0.02376,0.02366,15461.50687217,2001.7674784299995,0.023727,0.023799,2016-06-11 09:37:34,71.653,156.525,211000.0
292,0.02376,0.02365,15504.03879172,2001.7674784299995,0.023728,0.023799,2016-06-11 09:37:42,33.092,156.525,211000.0
293,0.02376,0.02365,15504.03879172,2001.7674784299995,0.023728,0.023797,2016-06-11 09:37:51,33.092,135.263,211000.0
294,0.02376,0.02365,16093.137488740002,2000.0889365999997,0.023674,0.023798,2016-06-11 09:38:00,71.443,219.941,211000.0
295,0.02376,0.02365,16092.43748874,1960.6889365999998,0.023676,0.023798,2016-06-11 09:38:08,30.625,84.679,211000.0
296,0.02376,0.02365,15892.453217580001,1999.9889365999998,0.023681,0.023797,2016-06-11 09:38:16,71.615,156.647,211000.0
297,0.02376,0.02365,15892.453217580001,1999.9889365999998,0.023687,0.023797,2016-06-11 09:38:24,71.909,156.647,211000.0
298,0.02376,0.02366,15476.01790387,1999.9889365999998,0.023693,0.023797,2016-06-11 09:38:32,71.807,156.647,211000.0
299,0.02376,0.02366,16495.27491743,1999.9889365999998,0.023693,0.023797,2016-06-11 09:38:41,71.807,156.647,211000.0
300,0.02376,0.02365,16535.27491743,2003.9486913599997,0.023694,0.023797,2016-06-11 09:38:48,41.987,156.647,211000.0
301,0.02376,0.02365,16355.278054890003,2003.9486913599997,0.02371,0.023797,2016-06-11 09:38:57,71.952,156.647,211000.0
302,0.02376,0.02365,16355.278054890003,2003.9486913599997,0.023711,0.023797,2016-06-11 09:39:05,8.612,156.647,211000.0
303,0.02376,0.02365,16355.278054890003,2001.5756525499994,0.023716,0.023797,2016-06-11 09:39:14,71.486,156.647,211000.0
304,0.02376,0.02365,16355.278054890003,1985.4632725499994,0.023717,0.023797,2016-06-11 09:39:22,15.99,156.647,211000.0
305,0.02376,0.02365,16355.278054890003,2000.8486913599997,0.023722,0.023797,2016-06-11 09:39:31,71.63,156.647,211000.0
306,0.02377,0.02366,15938.842741180002,1953.6781261199994,0.023728,0.023797,2016-06-11 09:39:39,71.727,156.647,211000.0
307,0.02377,0.02365,15898.842741180002,1986.0998189099996,0.023728,0.023797,2016-06-11 09:39:47,71.727,156.647,211000.0
308,0.02376,0.02365,15938.54204118,1989.3162415399995,0.023734,0.023797,2016-06-11 09:39:55,71.786,156.647,211000.0
309,0.02376,0.02365,15938.83494118,2000.9521837199998,0.023734,0.023797,2016-06-11 09:40:03,71.786,156.647,211000.0
310,0.02376,0.02365,15938.83494118,2000.4966498399997,0.02374,0.023797,2016-06-11 09:40:11,71.378,156.647,211000.0
311,0.02377,0.02365,15938.83494118,1950.9449228199994,0.02374,0.023797,2016-06-11 09:40:19,71.378,156.647,211000.0
312,0.02377,0.02367,15700.666140939999,1998.5583784899998,0.023741,0.023797,2016-06-11 09:40:27,6.116,156.647,211000.0
313,0.02377,0.02367,15844.62841094,1997.7483784899996,0.023746,0.023797,2016-06-11 09:40:36,71.588,156.647,211000.0
314,0.02377,0.02367,15894.090831630001,1997.7483784899996,0.023752,0.023797,2016-06-11 09:40:44,71.584,156.647,211000.0
315,0.02377,0.02367,15894.090831630001,1997.7483784899996,0.023752,0.023797,2016-06-11 09:40:52,71.584,156.647,211000.0
316,0.02377,0.02367,15892.94138881,1997.7483784899996,0.023758,0.023797,2016-06-11 09:41:00,71.847,135.263,211000.0
317,0.02377,0.02367,15892.94138881,1997.7483784899996,0.023759,0.023797,2016-06-11 09:41:08,33.451,156.5,211000.0
318,0.02377,0.02367,15892.94138881,1997.7483784899996,0.023679,0.023797,2016-06-11 09:41:17,71.847,156.5,211000.0
319,0.02377,0.02367,15699.571539499999,1997.7483784899996,0.023686,0.023797,2016-06-11 09:41:25,42.001,156.5,211000.0
320,0.02376,0.02365,15898.753184970003,2000.9630995699997,0.023697,0.023797,2016-06-11 09:41:33,71.513,156.5,211000.0
321,0.02376,0.02365,15898.753184970003,2000.9630995699997,0.023698,0.023797,2016-06-11 09:41:41,41.98,156.5,211000.0
322,0.02376,0.02365,15898.753184970003,2000.9630995699997,0.023709,0.023796,2016-06-11 09:41:49,71.797,187.85,211000.0
323,0.02376,0.02365,15898.753184970003,2000.9630995699997,0.023709,0.023795,2016-06-11 09:41:58,71.797,135.263,211000.0
324,0.02376,0.02365,15898.753184970003,2000.9630995699997,0.023715,0.023797,2016-06-11 09:42:06,71.834,135.263,211000.0
325,0.02376,0.02365,15898.753184970003,2000.9630995699997,0.023715,0.023788,2016-06-11 09:42:13,71.834,7.124,211000.0
326,0.02376,0.02366,15898.753184970003,2000.9630995699997,0.023716,0.023796,2016-06-11 09:42:21,87.77,161.23,211000.0
327,0.02377,0.02369,15675.917353020002,1965.3167137599996,0.023722,0.023786,2016-06-11 09:42:29,90.5,84.679,211000.0
328,0.02377,0.02369,15822.15593381,2000.2003527199995,0.023728,0.023785,2016-06-11 09:42:38,86.99,135.263,211000.0
329,0.02377,0.0237,16070.185238810001,2000.2003527199995,0.023744,0.023785,2016-06-11 09:42:45,71.414,135.263,211000.0
330,0.02377,0.0237,16070.185238810001,2000.2003527199995,0.023744,0.023785,2016-06-11 09:42:53,71.414,135.263,211000.0
331,0.02377,0.0237,16070.185238810001,2003.2179673599994,0.023745,0.023785,2016-06-11 09:43:02,22.015,135.263,211000.0
332,0.02377,0.0237,16070.185238810001,1989.1271333899997,0.023755,0.023784,2016-06-11 09:43:11,71.689,135.263,211000.0
333,0.02377,0.0237,15869.23631757,1913.8762865899998,0.023744,0.023827,2016-06-11 09:43:19,71.952,38.92,211000.0
334,0.02377,0.02356,15705.178221180004,2001.2831381399997,0.02369,0.0238,2016-06-11 09:43:27,49.696,146.783,211000.0
335,0.02377,0.02366,15977.478303240003,2003.4617693799996,0.023691,0.023749,2016-06-11 09:43:35,41.993,71.44,211000.0
336,0.02377,0.02366,15743.173593250001,2003.3805020399996,0.023696,0.023734,2016-06-11 09:43:43,71.77,178.96,211000.0
337,0.02377,0.02366,15687.960103239999,2003.3805020399996,0.023697,0.023734,2016-06-11 09:43:51,114.05,178.96,211000.0
338,0.02377,0.02366,15848.21873824,2005.4155926299998,0.023699,0.023734,2016-06-11 09:43:59,41.978,178.96,211000.0
339,0.02377,0.02366,15703.51424824,2005.4155926299998,0.023703,0.023734,2016-06-11 09:44:07,41.971,178.96,211000.0
340,0.02377,0.02366,15848.384448240002,2005.4155926299998,0.023705,0.023734,2016-06-11 09:44:16,41.968,178.96,211000.0
341,0.02377,0.02366,15848.384448240002,2003.9405538199996,0.023718,0.023766,2016-06-11 09:44:26,71.747,177.64,211000.0
342,0.02377,0.02366,15848.384448240002,2003.9405538199996,0.023718,0.023765,2016-06-11 09:44:33,71.747,135.263,211000.0
343,0.02377,0.02366,15848.384448240002,2005.4155926299998,0.023721,0.023764,2016-06-11 09:44:41,71.729,316.893,211000.0
344,0.02377,0.02366,15848.384448240002,2005.4155926299998,0.023726,0.023767,2016-06-11 09:44:49,71.501,135.263,211000.0
345,0.02377,0.02366,15848.384448240002,2003.3917891699996,0.023728,0.023731,2016-06-11 09:44:58,0.517,184.69,211000.0
346,0.02377,0.02366,16018.957990870002,2001.2936118999996,0.023701,0.023767,2016-06-11 09:45:06,41.975,135.263,211000.0
347,0.02377,0.02366,15859.657078560002,2001.2936118999996,0.023711,0.023767,2016-06-11 09:45:14,41.957,135.263,211000.0
348,0.02377,0.02366,15868.164862510002,2001.2936118999996,0.023716,0.023767,2016-06-11 09:45:22,72.023,135.263,211000.0
349,0.02378,0.02366,16054.522960870003,2003.1151579299997,0.023716,0.023767,2016-06-11 09:45:30,72.023,135.263,211000.0
350,0.02378,0.02366,16054.797360870003,2003.2051579299998,0.023677,0.023761,2016-06-11 09:45:39,42.017,118.178,211000.0
351,0.02378,0.02366,16054.797360870003,2003.2051579299998,0.023683,0.023756,2016-06-11 09:45:47,42.007,71.635,211000.0
352,0.02378,0.02366,16055.687545490002,2003.2051579299998,0.023689,0.023756,2016-06-11 09:45:55,41.996,71.635,211000.0
353,0.02378,0.02366,16055.687545490002,2003.2051579299998,0.023695,0.023756,2016-06-11 09:46:02,41.986,71.635,211000.0
354,0.02378,0.02366,16055.687545490002,2003.2051579299998,0.023706,0.023756,2016-06-11 09:46:11,59.714,71.635,211000.0
355,0.02378,0.02366,16055.687545490002,2003.2051579299998,0.023712,0.023756,2016-06-11 09:46:19,41.955,71.635,211000.0
356,0.02378,0.02366,16055.687545490002,2003.2051579299998,0.023717,0.023756,2016-06-11 09:46:28,71.428,71.635,211000.0
357,0.02378,0.02366,15863.134262070002,2005.3037114399997,0.023718,0.023766,2016-06-11 09:46:36,30.999,118.178,211000.0
358,0.02378,0.02367,15904.165495820002,2006.3017114399997,0.023723,0.02376,2016-06-11 09:46:44,71.794,115.949,211000.0
359,0.02378,0.02367,15904.165495820002,2006.3017114399997,0.023717,0.023763,2016-06-11 09:46:52,33.216,19.314,211000.0
360,0.02378,0.02367,15904.165495820002,2006.3017114399997,0.023727,0.023762,2016-06-11 09:47:00,71.99,115.949,211000.0
361,0.02378,0.02367,15904.165495820002,2006.3017114399997,0.023721,0.023761,2016-06-11 09:47:08,71.568,2.229,211000.0
362,0.02378,0.02367,15904.165495820002,2006.3017114399997,0.023727,0.02376,2016-06-11 09:47:16,71.334,115.949,211000.0
363,0.02378,0.02367,15904.165495820002,2006.3017114399997,0.023727,0.02376,2016-06-11 09:47:25,71.334,115.949,211000.0
364,0.02378,0.02367,15904.165495820002,2006.3017114399997,0.023728,0.02376,2016-06-11 09:47:33,31.901,115.949,211000.0
365,0.02378,0.02367,15904.165495820002,2006.3017114399997,0.023728,0.02376,2016-06-11 09:47:41,31.901,115.949,211000.0
366,0.02378,0.02367,15904.165495820002,1956.1624638599997,0.023728,0.02376,2016-06-11 09:47:50,31.901,115.949,211000.0
367,0.02378,0.02366,15752.15288537,2005.3152493899995,0.023722,0.02376,2016-06-11 09:47:59,71.763,115.949,211000.0
368,0.02378,0.02366,15946.697345370003,2005.3152493899995,0.023722,0.02376,2016-06-11 09:48:07,71.763,115.949,211000.0
369,0.02378,0.02366,15946.697345370003,2005.3152493899995,0.023723,0.02376,2016-06-11 09:48:15,32.78,115.949,211000.0
370,0.02378,0.02366,15903.572669320001,2006.3113263999996,0.023723,0.02376,2016-06-11 09:48:23,32.78,115.949,211000.0
371,0.02378,0.02366,15914.020597680003,2006.3113263999996,0.023684,0.02376,2016-06-11 09:48:31,42.005,115.949,211000.0
372,0.02378,0.02366,16071.130267440001,2006.3113263999996,0.02369,0.02376,2016-06-11 09:48:38,41.994,115.949,211000.0
373,0.02378,0.02366,15904.555437440002,2006.3113263999996,0.023696,0.02376,2016-06-11 09:48:46,41.984,115.949,211000.0
374,0.02378,0.02366,15709.62393813,2005.3136468999996,0.023701,0.02376,2016-06-11 09:48:54,71.784,115.949,211000.0
375,0.02378,0.02366,15751.24288537,2005.3136468999996,0.023702,0.02376,2016-06-11 09:49:03,28.1,115.949,211000.0
376,0.02378,0.02366,15903.419945820002,2005.3136468999996,0.023712,0.02376,2016-06-11 09:49:11,71.422,115.949,211000.0
377,0.02378,0.02366,16201.489487510002,2005.3136468999996,0.023718,0.02376,2016-06-11 09:49:19,71.907,115.949,211000.0
378,0.02378,0.02366,15886.179885370002,2005.3136468999996,0.023719,0.02376,2016-06-11 09:49:27,33.244,115.949,211000.0
379,0.02378,0.02366,15748.79288537,2005.3136468999996,0.023729,0.02376,2016-06-11 09:49:35,71.539,115.949,211000.0
380,0.02378,0.02366,15901.217145820001,2003.8386080899995,0.02373,0.02376,2016-06-11 09:49:44,32.923,115.949,211000.0
381,0.02378,0.02366,15901.217145820001,2003.8386080899995,0.02373,0.02376,2016-06-11 09:49:52,32.923,115.949,211000.0
382,0.02378,0.02366,15901.217145820001,2005.3136468999996,0.02373,0.02376,2016-06-11 09:50:00,9.178,115.949,211000.0
383,0.02378,0.02366,15901.217145820001,2005.3136468999996,0.023731,0.02376,2016-06-11 09:50:08,29.656,115.949,211000.0
384,0.02378,0.02366,15901.217145820001,2005.3136468999996,0.023692,0.02376,2016-06-11 09:50:16,41.991,115.949,211000.0
385,0.02378,0.02366,15901.217145820001,2005.3136468999996,0.023698,0.02376,2016-06-11 09:50:24,41.98,115.949,211000.0
386,0.02378,0.02366,15901.217145820001,2005.3136468999996,0.023704,0.02376,2016-06-11 09:50:32,31.174,115.949,211000.0
387,0.02378,0.02366,15901.217145820001,2005.3136468999996,0.02371,0.02376,2016-06-11 09:50:40,32.415,115.949,211000.0
388,0.02378,0.02366,15901.217145820001,2005.3136468999996,0.023715,0.02376,2016-06-11 09:50:48,72.075,115.949,211000.0
389,0.02378,0.02366,15901.217145820001,2005.3136468999996,0.023715,0.02376,2016-06-11 09:50:57,72.075,115.949,211000.0
390,0.02378,0.02366,15779.29288537,2005.3136468999996,0.023721,0.02376,2016-06-11 09:51:06,71.864,115.949,211000.0
391,0.02378,0.02366,15930.26458656,1994.6335934799997,0.023721,0.02376,2016-06-11 09:51:13,71.864,115.949,211000.0
392,0.02378,0.02366,16162.29310982,2003.2120474499995,0.023722,0.02376,2016-06-11 09:51:22,32.931,115.949,211000.0
393,0.02378,0.02366,15920.536796110002,2005.2335934799996,0.023727,0.02376,2016-06-11 09:51:30,71.486,115.949,211000.0
394,0.02378,0.02366,15906.067206560001,2005.2335934799996,0.02368,0.02376,2016-06-11 09:51:38,71.543,115.949,211000.0
395,0.02378,0.02366,16037.123446560001,2005.2335934799996,0.023687,0.02376,2016-06-11 09:51:46,71.614,115.949,211000.0
396,0.02378,0.02366,15900.278796110002,2005.2335934799996,0.023688,0.02376,2016-06-11 09:51:55,41.998,115.949,211000.0
397,0.02378,0.02366,16026.925487770002,2006.2315934799997,0.023694,0.02376,2016-06-11 09:52:03,41.987,115.949,211000.0
398,0.02378,0.02366,15910.104487770002,2006.2316023899998,0.0237,0.02376,2016-06-11 09:52:11,10.45,115.949,211000.0
399,0.02378,0.02366,15910.352937770002,2006.2316023899998,0.023705,0.02376,2016-06-11 09:52:19,71.622,115.949,211000.0
400,0.02378,0.02366,15910.352937770002,2006.2316023899998,0.023711,0.02376,2016-06-11 09:52:28,71.682,115.949,211000.0
401,0.02377,0.02366,15910.352937770002,1959.4710670399998,0.023712,0.02376,2016-06-11 09:52:36,41.955,115.949,211000.0
402,0.02377,0.02366,15910.352937770002,2009.6185555899997,0.023717,0.02376,2016-06-11 09:52:44,72.056,115.949,211000.0
403,0.02377,0.02366,15910.352937770002,2009.6185555899997,0.023717,0.02376,2016-06-11 09:52:53,72.056,115.949,211000.0
404,0.02376,0.02366,15910.352937770002,2006.2077261499996,0.023673,0.02376,2016-06-11 09:53:01,42.025,115.949,211000.0
405,0.02376,0.02366,15910.352937770002,2006.2077261499996,0.023679,0.02376,2016-06-11 09:53:11,95.814,115.949,211000.0
406,0.02378,0.02366,15910.352937770002,2006.2077261499996,0.023685,0.02376,2016-06-11 09:53:19,42.003,115.949,211000.0
407,0.02378,0.02366,15910.352937770002,2005.6654602099998,0.02369,0.02376,2016-06-11 09:53:27,71.805,115.949,211000.0
408,0.02378,0.02366,15910.352937770002,2005.6654602099998,0.023691,0.02376,2016-06-11 09:53:35,41.993,115.949,211000.0
409,0.02378,0.02366,15910.352937770002,2005.6654602099998,0.023696,0.02376,2016-06-11 09:53:43,71.564,115.949,211000.0
410,0.02378,0.02366,15910.352937770002,2005.6654602099998,0.023697,0.02376,2016-06-11 09:53:51,50.212,115.949,211000.0
411,0.02378,0.02366,15910.352937770002,2006.1990500599998,0.023703,0.02376,2016-06-11 09:53:59,41.971,115.949,211000.0
412,0.02378,0.02366,15830.961993210001,1957.0824638599997,0.023708,0.02376,2016-06-11 09:54:08,71.612,115.949,211000.0
413,0.02378,0.02366,15930.76995947,2022.9463319199997,0.023709,0.02376,2016-06-11 09:54:16,41.961,115.949,211000.0
414,0.02378,0.02366,15930.76995947,2022.9463319199997,0.023719,0.02376,2016-06-11 09:54:23,71.538,115.949,211000.0
415,0.02378,0.02366,15930.76995947,2022.9463319199997,0.023672,0.023759,2016-06-11 09:54:31,71.353,168.81,211000.0
416,0.02378,0.02366,15930.76995947,2022.9463319199997,0.023678,0.023759,2016-06-11 09:54:39,71.592,168.81,211000.0
417,0.02378,0.02366,15930.76995947,2022.9463319199997,0.023684,0.02376,2016-06-11 09:54:47,72.118,115.949,211000.0
418,0.02378,0.02366,15930.76995947,2022.9463319199997,0.023691,0.02376,2016-06-11 09:54:56,41.993,115.949,211000.0
419,0.02378,0.02366,15930.76995947,2021.4732931099995,0.023697,0.02376,2016-06-11 09:55:04,41.982,115.949,211000.0
420,0.02378,0.02366,15930.76995947,2022.9463319199997,0.023707,0.02376,2016-06-11 09:55:12,71.659,115.949,211000.0
421,0.02378,0.02366,15930.76995947,2022.9463319199997,0.023708,0.02376,2016-06-11 09:55:20,41.962,115.949,211000.0
422,0.02378,0.02366,15930.76995947,2022.9463319199997,0.023713,0.02376,2016-06-11 09:55:28,71.653,115.949,211000.0
423,0.02378,0.02366,15930.76995947,2022.9463319199997,0.023713,0.02376,2016-06-11 09:55:36,71.653,115.949,211000.0
424,0.02378,0.02366,15930.76995947,2022.9463319199997,0.023674,0.02376,2016-06-11 09:55:44,42.023,115.949,211000.0
425,0.02378,0.02364,15930.783248730002,2000.1586929899997,0.023684,0.023727,2016-06-11 09:55:52,71.608,71.849,211000.0
426,0.02378,0.02363,16041.385248730001,1995.0371469599997,0.023685,0.023727,2016-06-11 09:56:00,42.003,71.849,211000.0
427,0.02378,0.02363,15883.615048730002,1998.1371469599997,0.02369,0.023727,2016-06-11 09:56:08,72.017,71.849,211000.0
428,0.02378,0.02363,15777.86270828,1998.1371469599997,0.023691,0.023726,2016-06-11 09:56:16,41.993,181.88,211000.0
429,0.02378,0.02363,15930.783248730002,1998.1371469599997,0.023696,0.023726,2016-06-11 09:56:24,71.512,181.88,211000.0
430,0.02378,0.02364,15938.615496950002,1998.1371469599997,0.023697,0.023722,2016-06-11 09:56:33,41.982,71.914,211000.0
431,0.02378,0.02363,15929.780881300001,1998.1371469599999,0.023697,0.023727,2016-06-11 09:56:40,74.666,71.419,211000.0
432,0.02378,0.02365,15887.217406180001,1985.7394262999996,0.023698,0.023732,2016-06-11 09:56:49,41.98,154.96,211000.0
433,0.02378,0.02365,15904.629594300002,2003.8733523299998,0.023698,0.023732,2016-06-11 09:56:57,41.98,154.96,211000.0
434,0.02378,0.02365,15929.782848730001,2003.8733523299998,0.023684,0.023727,2016-06-11 09:57:05,71.916,72.08,211000.0
435,0.02378,0.02365,15929.782848730001,2003.8733523299998,0.023685,0.023727,2016-06-11 09:57:13,42.003,52.154,211000.0
436,0.02378,0.02365,15929.782848730001,2002.8584330999997,0.023691,0.023758,2016-06-11 09:57:22,41.993,0.758,211000.0
437,0.02378,0.02365,15929.782848730001,2002.8584330999997,0.023697,0.023749,2016-06-11 09:57:30,75.134,71.663,211000.0
438,0.02378,0.02365,15929.782848730001,2002.8584330999997,0.023703,0.023749,2016-06-11 09:57:38,41.971,71.663,211000.0
439,0.02378,0.02365,15929.782848730001,2002.8584330999997,0.023709,0.023749,2016-06-11 09:57:47,41.961,71.663,211000.0
440,0.02378,0.02365,15929.782848730001,2002.8584330999997,0.023667,0.023749,2016-06-11 09:57:56,42.035,71.663,211000.0
441,0.02378,0.02365,15929.782848730001,2002.8584330999997,0.023677,0.02373,2016-06-11 09:58:04,71.367,177.3,211000.0
442,0.02378,0.02365,15892.18284873,1999.7584330999998,0.023694,0.02373,2016-06-11 09:58:11,71.927,177.3,211000.0
443,0.02378,0.02365,15928.690428040001,2000.8368870699996,0.023695,0.02373,2016-06-11 09:58:20,41.986,177.3,211000.0
444,0.02378,0.02365,15928.690428040001,2000.8368870699996,0.023695,0.02373,2016-06-11 09:58:28,41.986,177.3,211000.0
445,0.02378,0.02365,15928.690428040001,2000.8368870699996,0.023695,0.02373,2016-06-11 09:58:37,41.986,177.3,211000.0
446,0.02378,0.02365,15928.690428040001,2000.8368870699996,0.023682,0.02373,2016-06-11 09:58:44,71.484,177.3,211000.0
447,0.02378,0.02365,15928.690428040001,2000.8368870699996,0.023683,0.02373,2016-06-11 09:58:52,42.007,177.3,211000.0
448,0.02378,0.02365,15928.690428040001,2000.8368870699996,0.023689,0.02373,2016-06-11 09:59:01,41.996,177.3,211000.0
449,0.02378,0.02365,15928.690428040001,2000.8368870699996,0.023695,0.02373,2016-06-11 09:59:10,113.479,177.3,211000.0
450,0.02378,0.02365,15928.690428040001,2000.8368870699996,0.023696,0.02373,2016-06-11 09:59:18,73.655,177.3,211000.0
451,0.02377,0.02365,15928.690428040001,1999.0573562999998,0.023696,0.02373,2016-06-11 09:59:26,73.655,177.3,211000.0
452,0.02377,0.02365,15928.690428040001,1998.4382464099997,0.023697,0.023732,2016-06-11 09:59:34,41.982,173.53,211000.0
453,0.02378,0.02365,15896.582848730002,2000.2177771799995,0.023688,0.023738,2016-06-11 09:59:44,72.084,71.605,211000.0
454,0.02378,0.02365,15928.690428040001,2000.2177771799995,0.023689,0.023738,2016-06-11 09:59:52,41.996,71.605,211000.0
455,0.02378,0.02365,15928.690428040001,2006.5392426199996,0.023694,0.023738,2016-06-11 10:00:00,71.944,71.605,211000.0
456,0.02378,0.02366,15928.029278040001,2005.5412426199996,0.023695,0.023738,2016-06-11 10:00:08,41.986,71.605,211000.0
457,0.02378,0.02366,15928.029278040001,2004.0662038099995,0.0237,0.023738,2016-06-11 10:00:16,71.394,71.605,211000.0
458,0.02378,0.02366,15928.029278040001,2004.0662038099995,0.023707,0.023738,2016-06-11 10:00:25,41.964,71.605,211000.0
459,0.02378,0.02366,15928.029278040001,2005.5412426199996,0.023712,0.023738,2016-06-11 10:00:33,71.461,71.605,211000.0
460,0.02378,0.02366,15928.029278040001,2005.5412426199996,0.023718,0.023738,2016-06-11 10:00:41,72.051,71.605,211000.0
461,0.02378,0.02366,15891.521698730001,2005.5412426199996,0.023718,0.023738,2016-06-11 10:00:49,72.051,71.605,211000.0
462,0.02378,0.02366,15776.86230828,2005.5412426199996,0.023724,0.023738,2016-06-11 10:00:57,72.016,71.605,211000.0
463,0.02378,0.02366,15929.782848730001,2004.4406028099995,0.023725,0.023738,2016-06-11 10:01:05,33.516,71.605,211000.0
464,0.02378,0.02367,15809.167009140001,2005.4386028099996,0.023725,0.023738,2016-06-11 10:01:13,33.516,71.605,211000.0
465,0.02378,0.02366,15906.578195180002,2005.4386028099996,0.023684,0.023738,2016-06-11 10:01:22,42.005,71.605,211000.0
466,0.02378,0.02366,15906.578195180002,1989.3262228099998,0.023689,0.023738,2016-06-11 10:01:30,72.045,71.605,211000.0
467,0.02378,0.02366,15906.578195180002,2004.4406028099995,0.023695,0.023738,2016-06-11 10:01:38,71.487,71.605,211000.0
468,0.02378,0.02366,15906.578195180002,2004.4406028099995,0.023696,0.023738,2016-06-11 10:01:46,41.984,71.605,211000.0
469,0.02378,0.02366,15906.578195180002,2004.4406028099995,0.023701,0.023738,2016-06-11 10:01:54,71.937,71.605,211000.0
470,0.02378,0.02366,15906.578195180002,2004.4406028099995,0.023707,0.023738,2016-06-11 10:02:02,71.855,71.605,211000.0
471,0.02378,0.02366,15906.578195180002,2004.4406028099995,0.023713,0.023738,2016-06-11 10:02:11,72.068,71.605,211000.0
472,0.02378,0.02366,15906.578195180002,2004.4406028099995,0.023714,0.023738,2016-06-11 10:02:19,30.741,71.605,211000.0
473,0.02378,0.02366,15906.578195180002,2004.4406028099995,0.023724,0.023738,2016-06-11 10:02:27,71.566,71.605,211000.0
474,0.02378,0.02366,15906.295995180002,1993.8406028099996,0.023725,0.023738,2016-06-11 10:02:36,34.202,71.605,211000.0
475,0.02377,0.02366,15906.585895180002,2000.6501181999997,0.023725,0.023738,2016-06-11 10:02:44,34.202,71.605,211000.0
476,0.02377,0.02366,15906.585895180002,1987.5553528399996,0.023679,0.023738,2016-06-11 10:02:51,42.014,71.605,211000.0
477,0.02377,0.02366,15906.585895180002,2000.6501181999997,0.023685,0.023738,2016-06-11 10:02:59,42.003,71.605,211000.0
478,0.02378,0.02366,15906.585895180002,2005.4139301099997,0.02369,0.023738,2016-06-11 10:03:08,71.814,71.605,211000.0
479,0.02378,0.02366,15906.585895180002,2005.4139301099997,0.02369,0.023738,2016-06-11 10:03:16,71.814,71.605,211000.0
480,0.02378,0.02366,15906.488688500001,2004.4159301099996,0.023691,0.023738,2016-06-11 10:03:24,73.571,71.605,211000.0
481,0.02378,0.02366,15906.488688500001,2005.1492761099996,0.023702,0.023738,2016-06-11 10:03:32,41.973,71.605,211000.0
482,0.02377,0.02366,15906.488688500001,2005.1492761099996,0.023707,0.023738,2016-06-11 10:03:41,71.927,71.605,211000.0
483,0.02376,0.02366,15906.488688500001,2003.6187805399995,0.023708,0.023738,2016-06-11 10:03:49,41.962,71.605,211000.0
484,0.02376,0.02366,15906.488688500001,1987.2594766599996,0.023713,0.02376,2016-06-11 10:03:58,71.911,115.949,211000.0
485,0.02376,0.02366,16368.220709150002,1997.1542420199996,0.02372,0.02376,2016-06-11 10:04:06,41.941,115.949,211000.0
486,0.02376,0.02366,15952.611135440002,2012.1636567199996,0.023725,0.02376,2016-06-11 10:04:15,72.023,115.949,211000.0
487,0.02376,0.02366,15952.611135440002,2012.1636567199996,0.023726,0.023803,2016-06-11 10:04:24,113.535,139.963,211000.0
488,0.02376,0.02366,16369.017901670002,2011.0852027499996,0.023727,0.023801,2016-06-11 10:04:32,75.639,95.842,211000.0
489,0.02378,0.02367,15620.590809829999,1980.8217302799994,0.023732,0.0238,2016-06-11 10:04:41,72.136,199.789,211000.0
490,0.02378,0.02367,15798.99269053,1952.2486720799996,0.023733,0.0238,2016-06-11 10:04:49,15.251,199.789,211000.0
491,0.02378,0.02369,15928.869677360002,1997.6662867199996,0.023738,0.0238,2016-06-11 10:04:57,71.641,199.789,211000.0
492,0.02378,0.02369,15897.076972360002,1997.6662867199996,0.023744,0.0238,2016-06-11 10:05:05,71.795,199.789,211000.0
493,0.02378,0.02369,15897.076972360002,1997.6662867199996,0.023744,0.0238,2016-06-11 10:05:14,71.795,199.789,211000.0
494,0.02378,0.02369,15897.076972360002,1997.6662867199996,0.023745,0.0238,2016-06-11 10:05:22,28.643,199.789,211000.0
495,0.02378,0.02369,15896.131183630003,2001.1521856399995,0.023745,0.0238,2016-06-11 10:05:31,28.095,199.789,211000.0
496,0.02378,0.02369,15893.801183630003,1999.6771468299996,0.023746,0.0238,2016-06-11 10:05:39,41.895,199.789,211000.0
497,0.02378,0.02369,15893.801183630003,1998.2234798599995,0.023752,0.0238,2016-06-11 10:05:47,71.957,199.789,211000.0
498,0.02378,0.02369,15893.801183630003,1998.2234798599995,0.023763,0.0238,2016-06-11 10:05:55,71.371,1.2,211000.0
499,0.02378,0.02369,15893.801183630003,1998.2234798599995,0.023763,0.023799,2016-06-11 10:06:03,71.371,19.314,211000.0
500,0.02378,0.02369,15893.801183630003,1998.2234798599995,0.023764,0.023799,2016-06-11 10:06:12,33.543,135.263,211000.0
501,0.02378,0.02369,15893.801183630003,1998.2234798599995,0.023764,0.023799,2016-06-11 10:06:19,33.543,135.263,211000.0
502,0.02378,0.02369,15856.90118363,1998.2234798599995,0.023692,0.023799,2016-06-11 10:06:27,13.42,135.263,211000.0
503,0.02378,0.02367,15743.045163870001,1998.2234798599995,0.023704,0.023799,2016-06-11 10:06:35,71.81,198.589,211000.0
504,0.02378,0.02368,15894.975654320002,1998.2234798599995,0.023705,0.023798,2016-06-11 10:06:43,9.58,4.627,211000.0
505,0.02378,0.02368,15894.975654320002,1998.2234798599995,0.023712,0.023797,2016-06-11 10:06:52,7.18,135.263,211000.0
506,0.02378,0.02368,15894.975654320002,1998.2234798599995,0.023718,0.023798,2016-06-11 10:07:00,41.945,135.263,211000.0
507,0.02378,0.02368,15894.975654320002,1998.2234798599995,0.023719,0.023796,2016-06-11 10:07:09,34.038,135.263,211000.0
508,0.02378,0.02368,15894.975654320002,1998.2234798599995,0.023734,0.023797,2016-06-11 10:07:17,71.446,135.263,211000.0
509,0.02378,0.02368,15861.567567029999,1999.1306396099994,0.023735,0.023795,2016-06-11 10:07:25,33.489,135.263,211000.0
510,0.02378,0.02368,15894.767567030001,1999.1306396099994,0.02374,0.023794,2016-06-11 10:07:33,72.014,63.326,211000.0
511,0.02378,0.02368,15894.767567030001,1999.1306396099994,0.023741,0.023793,2016-06-11 10:07:41,17.311,198.589,211000.0
512,0.02378,0.02368,15837.00706514,1956.4374864099993,0.023746,0.023792,2016-06-11 10:07:50,71.92,135.263,211000.0
513,0.02378,0.02368,15873.907065140002,2020.6302797799997,0.023746,0.023851,2016-06-11 10:07:58,71.92,19.314,211000.0
514,0.02378,0.02368,15915.656724690001,1978.2302797799996,0.023757,0.023848,2016-06-11 10:08:07,71.352,63.326,211000.0
515,0.02378,0.02368,15916.066824690002,2010.0302797799995,0.023763,0.023845,2016-06-11 10:08:14,71.761,135.263,211000.0
516,0.02377,0.0237,15873.907065140002,2020.5302797799998,0.023763,0.023844,2016-06-11 10:08:23,71.761,63.326,211000.0
517,0.02377,0.0237,15873.907065140002,2020.5302797799998,0.023764,0.023843,2016-06-11 10:08:30,25.392,19.314,211000.0
518,0.02377,0.0237,15873.907065140002,2020.5302797799998,0.023774,0.023842,2016-06-11 10:08:38,71.837,63.326,211000.0
519,0.02377,0.0237,15873.907065140002,2020.5302797799998,0.023765,0.023842,2016-06-11 10:08:46,31.996,48.326,211000.0
520,0.02377,0.0237,15873.907065140002,2020.0138673099996,0.02377,0.023842,2016-06-11 10:08:55,71.396,48.326,211000.0
521,0.02377,0.0237,15873.907065140002,2020.0138673099996,0.023771,0.023842,2016-06-11 10:09:03,31.129,48.326,211000.0
522,0.02377,0.0237,15873.907065140002,2020.0138673099996,0.023776,0.023842,2016-06-11 10:09:11,71.244,48.326,211000.0
523,0.02377,0.0237,15873.907065140002,2020.0138673099996,0.023777,0.023841,2016-06-11 10:09:19,23.095,198.589,211000.0
524,0.02377,0.02369,15873.907065140002,2020.0138673099996,0.023782,0.023841,2016-06-11 10:09:27,71.918,198.589,211000.0
525,0.02377,0.02368,15916.356724690002,2020.0138673099996,0.023782,0.023841,2016-06-11 10:09:35,71.918,198.589,211000.0
526,0.02377,0.02368,15916.356724690002,2020.0138673099996,0.023755,0.023792,2016-06-11 10:09:43,126.29,63.326,211000.0
527,0.02377,0.02368,15916.356724690002,2020.0138673099996,0.023755,0.02379,2016-06-11 10:09:52,126.29,63.326,211000.0
528,0.02377,0.02368,15916.356724690002,2020.0138673099996,0.023755,0.023837,2016-06-11 10:10:03,126.29,63.326,211000.0
529,0.02377,0.02368,15916.356724690002,2020.0138673099996,0.023757,0.023836,2016-06-11 10:10:11,71.625,110.16,211000.0
530,0.02377,0.02368,15916.356724690002,2020.0138673099996,0.023755,0.023835,2016-06-11 10:10:19,126.29,63.326,211000.0
531,0.02377,0.02368,15916.356724690002,2020.0138673099996,0.02376,0.023804,2016-06-11 10:10:28,71.513,63.326,211000.0
532,0.02377,0.02368,15916.356724690002,2020.0138673099996,0.02376,0.023834,2016-06-11 10:10:36,71.513,63.326,211000.0
533,0.02377,0.02368,15916.356724690002,2020.0138673099996,0.02376,0.023802,2016-06-11 10:10:45,69.901,53.326,211000.0
534,0.02377,0.02368,15916.356724690002,2020.5584431399993,0.02376,0.023801,2016-06-11 10:10:53,69.901,63.326,211000.0
535,0.02377,0.02369,15873.907065140002,2020.0138673099996,0.02376,0.0238,2016-06-11 10:11:00,69.901,25.24,211000.0
536,0.02377,0.02368,15878.75672469,2020.0138673099996,0.02376,0.023799,2016-06-11 10:11:09,69.901,63.326,211000.0
537,0.02377,0.02368,15916.356724690002,2020.0138673099996,0.02376,0.023799,2016-06-11 10:11:18,69.901,63.326,211000.0
538,0.02377,0.02368,15916.356724690002,2020.0138673099996,0.02376,0.023797,2016-06-11 10:11:27,69.901,63.326,211000.0
539,0.02377,0.02368,15916.356724690002,2020.0138673099996,0.02376,0.023797,2016-06-11 10:11:35,69.901,63.326,211000.0
540,0.02377,0.02368,15916.356724690002,2020.0138673099996,0.02376,0.023795,2016-06-11 10:11:43,69.901,63.326,211000.0
541,0.02377,0.02369,15704.067417029999,2020.0138673099996,0.02376,0.023849,2016-06-11 10:11:52,69.901,63.326,211000.0
542,0.02377,0.0237,15874.018216340002,2020.0138673099996,0.02376,0.023817,2016-06-11 10:12:01,69.901,14.194,211000.0
543,0.02377,0.0237,15874.018216340002,2020.0138673099996,0.02376,0.023816,2016-06-11 10:12:09,69.901,76.892,211000.0
544,0.02377,0.0237,15874.018216340002,2020.0138673099996,0.02376,0.023845,2016-06-11 10:12:18,69.901,63.326,211000.0
545,0.02377,0.0237,15874.018216340002,2020.0138673099996,0.02376,0.023841,2016-06-11 10:12:27,69.901,21.888,211000.0
546,0.02377,0.0237,15858.43063703,2032.9878673099997,0.02376,0.023841,2016-06-11 10:12:36,69.901,21.888,211000.0
547,0.02377,0.0237,15858.43063703,2032.9878673099997,0.02376,0.023836,2016-06-11 10:12:44,69.901,63.326,211000.0
548,0.02377,0.0237,15858.43063703,2032.9878673099997,0.02376,0.023833,2016-06-11 10:12:52,69.901,7.69,211000.0
549,0.02377,0.02369,15740.50707658,2032.9878673099997,0.02376,0.023832,2016-06-11 10:13:01,69.901,63.326,211000.0
550,0.02377,0.02369,15858.56608703,2032.9878673099997,0.02376,0.02383,2016-06-11 10:13:09,69.901,63.326,211000.0
551,0.02377,0.02369,15858.56608703,2032.9878673099997,0.02376,0.023827,2016-06-11 10:13:17,69.901,7.69,211000.0
552,0.02378,0.02369,15858.27618703,2025.4054819499995,0.02376,0.023822,2016-06-11 10:13:26,69.901,71.016,211000.0
553,0.02377,0.02369,15858.55958703,2032.9878673099997,0.02376,0.023822,2016-06-11 10:13:34,69.901,7.69,211000.0
554,0.02377,0.02368,15908.28924658,2032.9878673099997,0.02376,0.023818,2016-06-11 10:13:42,69.901,7.69,211000.0
555,0.02377,0.02368,15908.28924658,2032.9878673099997,0.02376,0.023805,2016-06-11 10:13:50,69.901,14.204,211000.0
556,0.02377,0.02368,15908.28924658,2032.9878673099997,0.02376,0.023803,2016-06-11 10:13:59,69.901,63.326,211000.0
557,0.02377,0.02368,15908.28924658,2032.9878673099997,0.02376,0.023803,2016-06-11 10:14:07,69.901,63.326,211000.0
558,0.02377,0.02368,15908.28924658,2032.9878673099997,0.02376,0.023801,2016-06-11 10:14:15,69.901,13.405,211000.0
559,0.02377,0.02368,15908.28924658,2032.9878673099997,0.02376,0.0238,2016-06-11 10:14:23,69.901,0.25,211000.0
560,0.02377,0.02368,15908.28924658,2032.9878673099997,0.02376,0.023799,2016-06-11 10:14:32,69.901,76.731,211000.0
561,0.02377,0.02368,15908.28924658,2032.9878673099997,0.02376,0.023819,2016-06-11 10:14:40,69.901,63.326,211000.0
562,0.02377,0.02368,15908.28924658,2032.9878673099997,0.02376,0.023818,2016-06-11 10:14:49,69.901,123.577,211000.0
563,0.02377,0.02368,15778.78860788,2032.9878673099997,0.02376,0.023784,2016-06-11 10:14:57,69.901,188.23,211000.0
564,0.02376,0.02367,15740.34838566,2046.3949667299994,0.023755,0.023783,2016-06-11 10:15:06,126.29,63.326,211000.0
565,0.02376,0.02367,16040.772330990001,1998.3275167299996,0.023755,0.023783,2016-06-11 10:15:14,126.29,63.326,211000.0
566,0.02376,0.02367,16040.772330990001,2037.6275167299998,0.023755,0.023781,2016-06-11 10:15:23,126.29,63.326,211000.0
567,0.02376,0.02367,16040.772330990001,2037.6275167299998,0.023755,0.02378,2016-06-11 10:15:31,126.29,13.405,211000.0
568,0.02376,0.02367,16040.772330990001,2037.6275167299998,0.023761,0.023779,2016-06-11 10:15:40,50.0,63.326,211000.0
569,0.02376,0.02367,16040.772330990001,2037.6275167299998,0.023761,0.023779,2016-06-11 10:15:48,50.0,63.326,211000.0
570,0.02376,0.02367,16040.772330990001,2037.6275167299998,0.023761,0.023777,2016-06-11 10:15:56,50.0,63.326,211000.0
571,0.02376,0.02367,16040.772330990001,2043.9219279199997,0.023761,0.023776,2016-06-11 10:16:05,50.0,181.425,211000.0
572,0.02376,0.02367,16040.772330990001,2043.9219279199997,0.023756,0.023776,2016-06-11 10:16:13,50.0,181.425,211000.0
573,0.02376,0.02367,16040.772330990001,2037.6275167299998,0.023756,0.023775,2016-06-11 10:16:21,50.0,13.388,211000.0
574,0.02376,0.02367,16040.772330990001,2037.6275167299998,0.023756,0.023775,2016-06-11 10:16:30,50.0,76.714,211000.0
575,0.02376,0.02367,16040.772330990001,2037.6275167299998,0.023756,0.023775,2016-06-11 10:16:39,50.0,13.388,211000.0
576,0.02376,0.02367,16040.772330990001,2037.6275167299998,0.023756,0.023774,2016-06-11 10:16:47,50.0,13.388,211000.0
577,0.02376,0.02367,16040.772330990001,2037.6275167299998,0.023756,0.023773,2016-06-11 10:16:56,50.0,63.326,211000.0
578,0.02376,0.02367,16003.17233099,2037.6275167299998,0.023756,0.02378,2016-06-11 10:17:04,50.0,63.326,211000.0
579,0.02376,0.02367,16077.97106542,2037.6275167299998,0.023756,0.023779,2016-06-11 10:17:12,50.0,174.9,211000.0
580,0.02376,0.02367,16077.97106542,2037.6275167299998,0.023756,0.023778,2016-06-11 10:17:21,50.0,63.326,211000.0
581,0.02376,0.02367,16077.97106542,2037.6275167299998,0.023756,0.023776,2016-06-11 10:17:29,50.0,63.326,211000.0
582,0.02376,0.02367,16077.97106542,2037.6275167299998,0.023756,0.023775,2016-06-11 10:17:37,50.0,198.346,211000.0
583,0.02376,0.02367,16077.97106542,2037.6275167299998,0.023756,0.023774,2016-06-11 10:17:45,42.555,63.326,211000.0
584,0.02376,0.02367,15916.318779730002,2043.4662609499997,0.023756,0.023773,2016-06-11 10:17:54,42.555,13.366,211000.0
585,0.02376,0.02367,15746.46420042,2043.4662609499997,0.023756,0.023772,2016-06-11 10:18:03,42.555,63.326,211000.0
586,0.02376,0.02367,15869.797979730001,2044.1662609499995,0.023756,0.023771,2016-06-11 10:18:11,42.555,13.128,211000.0
587,0.02376,0.02367,15906.697979730001,2044.1662609499995,0.023756,0.02377,2016-06-11 10:18:20,42.555,63.326,211000.0
588,0.02376,0.02367,15906.697979730001,2044.1662609499995,0.023756,0.023769,2016-06-11 10:18:28,42.555,13.128,211000.0
589,0.02376,0.02367,15906.697979730001,2044.1662609499995,0.02376,0.023769,2016-06-11 10:18:37,71.406,13.128,211000.0
590,0.02376,0.02367,15906.697979730001,2044.1662609499995,0.023756,0.023781,2016-06-11 10:18:45,42.555,248.044,211000.0
591,0.02376,0.02367,15906.697979730001,2044.1662609499995,0.023756,0.02378,2016-06-11 10:18:54,42.555,63.326,211000.0
592,0.02376,0.02367,15906.697979730001,2036.5838755899997,0.023756,0.02378,2016-06-11 10:19:02,42.555,63.326,211000.0
593,0.02376,0.02367,15907.865952870001,1996.5995246399996,0.023756,0.023779,2016-06-11 10:19:10,42.555,76.307,211000.0
594,0.02376,0.02367,15907.865952870001,2044.3678817199993,0.023756,0.023779,2016-06-11 10:19:19,42.555,12.982,211000.0
595,0.02376,0.02367,15907.865952870001,2044.3678817199993,0.023756,0.023778,2016-06-11 10:19:27,42.555,63.326,211000.0
596,0.02376,0.02367,15907.865952870001,2044.3678817199993,0.023756,0.023778,2016-06-11 10:19:35,42.555,63.326,211000.0
597,0.02376,0.02367,15907.865952870001,2044.3678817199993,0.023756,0.023777,2016-06-11 10:19:43,42.555,12.982,211000.0
598,0.02376,0.02367,15907.865952870001,2044.3678817199993,0.023756,0.023776,2016-06-11 10:19:53,42.555,63.326,211000.0
599,0.02376,0.02367,15907.865952870001,2044.3678817199993,0.023756,0.023775,2016-06-11 10:20:01,42.555,12.982,211000.0
600,0.02376,0.02367,15907.865952870001,2044.3678817199993,0.023756,0.023781,2016-06-11 10:20:11,42.555,63.326,211000.0
601,0.02376,0.02367,15907.865952870001,2044.3678817199993,0.023756,0.02378,2016-06-11 10:20:19,42.555,156.44,211000.0
602,0.02376,0.02367,15907.865952870001,2044.3678817199993,0.023756,0.023779,2016-06-11 10:20:27,42.555,63.326,211000.0
603,0.02376,0.02367,15907.865952870001,2044.3678817199993,0.023756,0.023777,2016-06-11 10:20:36,42.555,63.326,211000.0
604,0.02376,0.02367,15907.865952870001,2044.3678817199993,0.023756,0.023776,2016-06-11 10:20:44,42.555,63.326,211000.0
605,0.02376,0.02367,15907.865952870001,2044.3678817199993,0.023756,0.023775,2016-06-11 10:20:52,42.555,10.191,211000.0
606,0.02376,0.02367,15906.763939930002,2044.8372140299994,0.023756,0.023774,2016-06-11 10:21:01,42.555,63.326,211000.0
607,0.02376,0.02367,15905.999331620002,2044.8372140299994,0.023756,0.023773,2016-06-11 10:21:08,42.555,180.011,211000.0
608,0.02376,0.02367,15905.999331620002,2045.5372140299996,0.023756,0.023772,2016-06-11 10:21:17,42.555,63.326,211000.0
609,0.02375,0.02367,15903.845167750002,2034.1563719199994,0.023756,0.023771,2016-06-11 10:21:25,42.555,10.191,211000.0
610,0.02375,0.02367,15903.845167750002,2035.8117960899995,0.023756,0.023771,2016-06-11 10:21:33,41.34,165.995,211000.0
611,0.02375,0.02367,15903.845167750002,2035.8117960899995,0.023756,0.02377,2016-06-11 10:21:41,41.34,67.901,211000.0
612,0.02375,0.02367,15903.845167750002,2035.8117960899995,0.023756,0.02377,2016-06-11 10:21:49,41.34,4.575,211000.0
613,0.02375,0.02367,15903.845167750002,2035.8117960899995,0.023756,0.023769,2016-06-11 10:21:58,41.34,63.326,211000.0
614,0.02375,0.02367,15903.845167750002,2035.8117960899995,0.023756,0.023769,2016-06-11 10:22:06,41.34,63.326,211000.0
615,0.02375,0.02367,15903.845167750002,2035.8117960899995,0.023756,0.023768,2016-06-11 10:22:15,41.34,5.825,211000.0
616,0.02375,0.02367,15903.863944690002,2035.8117960899995,0.023756,0.023767,2016-06-11 10:22:23,41.34,63.326,211000.0
617,0.02375,0.02367,15903.863944690002,2037.2964299699993,0.023756,0.023765,2016-06-11 10:22:30,41.34,63.326,211000.0
618,0.02375,0.02367,15903.863944690002,2037.2964299699993,0.023756,0.023764,2016-06-11 10:22:39,41.34,163.12,211000.0
619,0.02375,0.02367,15903.863944690002,2037.2964299699993,0.023756,0.023782,2016-06-11 10:22:46,41.34,63.326,211000.0
620,0.02375,0.02367,15903.863944690002,2037.2964299699993,0.023756,0.023781,2016-06-11 10:22:54,41.34,216.376,211000.0
621,0.02375,0.02367,15903.863944690002,2037.2964299699993,0.023756,0.023781,2016-06-11 10:23:02,41.34,216.376,211000.0
622,0.02375,0.02367,15903.863944690002,2037.2964299699993,0.023756,0.023779,2016-06-11 10:23:10,41.34,63.326,211000.0
623,0.02374,0.02367,15903.863944690002,2033.5246737099997,0.023756,0.023778,2016-06-11 10:23:18,41.34,1.151,211000.0
624,0.02377,0.02367,15903.863944690002,2033.0861676099996,0.023756,0.023768,2016-06-11 10:23:26,41.34,71.613,211000.0
625,0.02377,0.02367,15903.863944690002,2033.0861676099996,0.023756,0.023767,2016-06-11 10:23:34,41.34,0.547,211000.0
626,0.02377,0.02367,15903.863944690002,2029.9861676099997,0.023756,0.023767,2016-06-11 10:23:42,41.34,166.25,211000.0
627,0.02377,0.02367,15866.96394469,2033.0861676099996,0.023756,0.02376,2016-06-11 10:23:51,41.34,184.69,211000.0
628,0.02377,0.02367,15853.363944690002,2033.0861676099996,0.023756,0.02377,2016-06-11 10:23:59,41.34,0.547,211000.0
629,0.02377,0.02367,15852.66394469,1996.8935332599995,0.023756,0.02377,2016-06-11 10:24:07,41.34,0.547,211000.0
630,0.02377,0.02367,15903.863944690002,2038.2150792899997,0.023756,0.023771,2016-06-11 10:24:15,41.34,217.766,211000.0
631,0.02377,0.02367,15903.863944690002,2038.2150792899997,0.023756,0.023771,2016-06-11 10:24:23,41.34,217.766,211000.0
632,0.02377,0.02367,15903.863944690002,2038.2150792899997,0.023756,0.023771,2016-06-11 10:24:31,41.34,217.766,211000.0
633,0.02377,0.02367,15903.863944690002,2038.2150792899997,0.023755,0.023756,2016-06-11 10:24:39,126.29,0.001,211000.0
634,0.02378,0.02367,15903.615944690002,2028.6130792899996,0.02374,0.02377,2016-06-11 10:24:48,68.573,63.326,211000.0
635,0.02377,0.02367,15947.5010655,2037.6429276499994,0.023675,0.02374,2016-06-11 10:24:56,12.49,0.008,211000.0
636,0.02377,0.02367,15898.531556420001,2039.6644736799994,0.023681,0.023715,2016-06-11 10:25:04,29.666,153.57,211000.0
637,0.02377,0.02367,15856.207282110001,2040.3966501099994,0.023679,0.023715,2016-06-11 10:25:12,45.793,153.57,211000.0
638,0.02377,0.02367,15735.49821367,1997.6330549999996,0.023683,0.02375,2016-06-11 10:25:20,72.036,161.52,211000.0
639,0.02377,0.02368,15766.458788100002,1990.1278949999996,0.023689,0.02375,2016-06-11 10:25:28,71.575,161.52,211000.0
640,0.02377,0.02367,15850.3456227,2040.0330549999994,0.02369,0.02375,2016-06-11 10:25:36,84.014,161.52,211000.0
641,0.02377,0.02367,15850.3456227,2040.0330549999994,0.023695,0.02375,2016-06-11 10:25:44,71.684,161.52,211000.0
642,0.02377,0.02367,15850.3456227,2040.0330549999994,0.023695,0.023769,2016-06-11 10:25:53,71.684,259.941,211000.0
643,0.02377,0.02364,15928.69174372,2036.5330549999996,0.023701,0.023769,2016-06-11 10:26:02,71.706,259.941,211000.0
644,0.02377,0.02366,15843.92769884,2040.0330549999994,0.023712,0.023752,2016-06-11 10:26:10,71.915,164.04,211000.0
645,0.02377,0.02366,15688.999119529999,2040.0330549999994,0.023723,0.023752,2016-06-11 10:26:18,71.644,164.04,211000.0
646,0.02377,0.02366,15849.23289884,2040.0330549999994,0.023674,0.023752,2016-06-11 10:26:27,84.043,164.04,211000.0
647,0.02377,0.02366,15849.23289884,2040.0330549999994,0.023679,0.023752,2016-06-11 10:26:35,72.085,164.04,211000.0
648,0.02377,0.02366,15849.23289884,2038.5580161899995,0.023685,0.023752,2016-06-11 10:26:42,71.842,164.04,211000.0
649,0.02377,0.02366,15849.23289884,2040.0330549999994,0.023691,0.023769,2016-06-11 10:26:51,71.81,259.941,211000.0
650,0.02377,0.02366,15849.23289884,2040.0330549999994,0.023691,0.023769,2016-06-11 10:26:59,71.81,259.941,211000.0
651,0.02377,0.02366,15850.32531953,2040.0330549999994,0.023692,0.023769,2016-06-11 10:27:07,129.803,259.941,211000.0
652,0.02377,0.02366,15850.32531953,1997.6330549999998,0.023708,0.023738,2016-06-11 10:27:15,71.709,71.7,211000.0
653,0.02377,0.02366,15850.32531953,2040.0330549999994,0.023719,0.023738,2016-06-11 10:27:24,71.897,71.7,211000.0
654,0.02377,0.02366,15850.32531953,2040.0330549999994,0.023719,0.023738,2016-06-11 10:27:32,71.897,71.7,211000.0
655,0.02377,0.02366,15857.01145145,2041.1137826999998,0.023666,0.023727,2016-06-11 10:27:40,715.935,72.13,211000.0
656,0.02377,0.02366,15857.01145145,2041.1137826999998,0.023666,0.023689,2016-06-11 10:27:48,715.935,47.463,211000.0
657,0.02377,0.02366,15986.388006350002,1998.7137826999997,0.023689,0.023726,2016-06-11 10:27:56,107.11,188.7,211000.0
658,0.02377,0.02366,16015.862511450001,2038.0942366699996,0.02369,0.023726,2016-06-11 10:28:04,41.994,188.7,211000.0
659,0.02377,0.02366,16216.91281001,2038.6891299899999,0.023691,0.023726,2016-06-11 10:28:12,107.11,188.7,211000.0
660,0.02377,0.02366,15695.28410929,2037.7739095199995,0.023692,0.023743,2016-06-11 10:28:22,41.991,71.752,211000.0
661,0.02377,0.02366,15855.5178886,2040.7934555499996,0.023698,0.023743,2016-06-11 10:28:30,71.643,71.752,211000.0
662,0.02377,0.02366,15855.5178886,2039.7816675999998,0.023699,0.023743,2016-06-11 10:28:38,149.088,71.752,211000.0
663,0.02377,0.02366,15856.61030929,2039.7816675999998,0.023705,0.023743,2016-06-11 10:28:46,149.078,71.752,211000.0
664,0.02377,0.02366,15855.5178886,2039.7816675999998,0.023711,0.023743,2016-06-11 10:28:55,149.067,71.752,211000.0
665,0.02377,0.02366,15856.61030929,2039.7816675999998,0.023721,0.023743,2016-06-11 10:29:04,72.027,71.752,211000.0
666,0.02377,0.02366,15856.61030929,2039.7816675999998,0.023721,0.023743,2016-06-11 10:29:12,72.027,71.752,211000.0
667,0.02377,0.02366,15856.61030929,2039.7816675999998,0.023721,0.023743,2016-06-11 10:29:20,72.027,71.752,211000.0
668,0.02377,0.02366,15856.61030929,2039.7816675999998,0.023721,0.023743,2016-06-11 10:29:29,72.027,71.752,211000.0
669,0.02377,0.02366,15856.61030929,2039.7816675999998,0.023721,0.023743,2016-06-11 10:29:38,72.027,71.752,211000.0
670,0.02377,0.02366,15855.526093109998,2039.7816675999998,0.023721,0.023771,2016-06-11 10:29:46,72.027,63.326,211000.0
671,0.02377,0.02366,15855.526093109998,2039.7816675999998,0.023721,0.023766,2016-06-11 10:29:54,72.027,71.864,211000.0
672,0.02377,0.02366,15855.695218279998,2039.7816675999998,0.023721,0.023766,2016-06-11 10:30:03,72.027,71.864,211000.0
673,0.02377,0.02366,15855.695218279998,2039.7816675999998,0.023721,0.023766,2016-06-11 10:30:11,72.027,71.864,211000.0
674,0.02377,0.02366,15855.695218279998,2039.7816675999998,0.023721,0.023765,2016-06-11 10:30:19,72.027,188.45,211000.0
675,0.02378,0.02366,15855.441118279998,2031.1819655899997,0.023721,0.023755,2016-06-11 10:30:27,72.027,71.911,211000.0
676,0.02376,0.02366,15854.571897589998,2040.7719655899996,0.023721,0.023748,2016-06-11 10:30:35,72.027,157.08,211000.0
677,0.02376,0.02366,15804.071897589998,2040.7719655899996,0.023721,0.023748,2016-06-11 10:30:44,72.027,157.08,211000.0
678,0.02376,0.02366,15804.071897589998,2040.7719655899996,0.023721,0.02374,2016-06-11 10:30:52,72.027,72.046,211000.0
679,0.02376,0.02366,15804.05277361,2039.7735825899995,0.023721,0.023748,2016-06-11 10:31:00,72.027,157.08,211000.0
680,0.02376,0.02366,15799.35832131,2039.7735825899995,0.023721,0.023748,2016-06-11 10:31:08,72.027,157.057,211000.0
681,0.02376,0.02366,15898.00582462,2041.9156720199999,0.023721,0.023772,2016-06-11 10:31:17,72.027,71.543,211000.0
682,0.02376,0.02366,15898.00582462,2040.9176613799996,0.023721,0.023771,2016-06-11 10:31:26,72.027,160.22,211000.0
683,0.02376,0.02366,15898.015331530001,2037.0656743999998,0.023721,0.023765,2016-06-11 10:31:33,72.027,188.62,211000.0
684,0.02376,0.02366,15898.015331530001,2039.08722043,0.023721,0.023752,2016-06-11 10:31:42,72.027,165.21,211000.0
685,0.02376,0.02366,15898.015331530001,2039.08722043,0.023721,0.023746,2016-06-11 10:31:50,72.027,71.68,211000.0
686,0.02376,0.02366,15738.50896338,1988.7070233899994,0.023721,0.023746,2016-06-11 10:31:59,72.027,71.68,211000.0
687,0.02376,0.02367,15856.635783830001,2040.0852221999999,0.023721,0.023746,2016-06-11 10:32:07,72.027,71.68,211000.0
688,0.02376,0.02367,15856.635783830001,2041.0832221999995,0.023721,0.023746,2016-06-11 10:32:15,72.027,71.68,211000.0
689,0.02376,0.02367,15856.635783830001,2041.0832221999995,0.023721,0.023746,2016-06-11 10:32:23,72.027,71.68,211000.0
690,0.02376,0.02368,15855.543363140001,2041.0832221999995,0.023721,0.023746,2016-06-11 10:32:31,72.027,71.68,211000.0
691,0.02376,0.02368,15822.11045719,1741.0832222000006,0.023721,0.023746,2016-06-11 10:32:40,72.027,71.68,211000.0
692,0.02376,0.02368,15854.81045719,2041.0832221999995,0.023721,0.023746,2016-06-11 10:32:48,72.027,71.68,211000.0
693,0.02376,0.02368,15854.81045719,2041.0832221999995,0.023721,0.023746,2016-06-11 10:32:57,72.027,71.68,211000.0
694,0.02376,0.02368,15854.81045719,2041.0832221999995,0.023721,0.023746,2016-06-11 10:33:04,72.027,71.68,211000.0
695,0.02376,0.02368,15854.81045719,2041.0832221999995,0.023721,0.023746,2016-06-11 10:33:12,72.027,71.68,211000.0
696,0.02376,0.02368,15854.81045719,2041.0832221999995,0.023721,0.023746,2016-06-11 10:33:20,72.027,71.68,211000.0
697,0.02376,0.02368,15854.81045719,2041.0832221999995,0.023721,0.023746,2016-06-11 10:33:29,72.027,71.68,211000.0
698,0.02376,0.02368,15854.67449477,2038.0534394299993,0.023721,0.023746,2016-06-11 10:33:37,72.027,71.68,211000.0
699,0.02376,0.02368,15854.33179408,2037.1554394299997,0.023721,0.023746,2016-06-11 10:33:46,72.027,71.68,211000.0
700,0.02376,0.02368,15854.33179408,2046.6901391799997,0.023721,0.023746,2016-06-11 10:33:55,72.027,71.68,211000.0
701,0.02376,0.02368,15854.33179408,2046.6901391799997,0.023721,0.023746,2016-06-11 10:34:03,72.027,71.68,211000.0
702,0.02375,0.02368,15854.33179408,2043.7725245399997,0.023721,0.023746,2016-06-11 10:34:11,72.027,71.68,211000.0
703,0.02375,0.02368,15854.33179408,2043.7725245399997,0.023721,0.023746,2016-06-11 10:34:19,72.027,71.68,211000.0
704,0.02375,0.02368,15854.33179408,2043.7725245399997,0.023721,0.023746,2016-06-11 10:34:27,72.027,71.68,211000.0
705,0.02375,0.02368,15854.33179408,2043.1670623799996,0.023721,0.023746,2016-06-11 10:34:35,72.027,71.68,211000.0
706,0.02375,0.02368,15854.33179408,2043.1670623799996,0.023721,0.023746,2016-06-11 10:34:43,72.027,71.68,211000.0
707,0.02375,0.02368,15854.33179408,2043.1670623799996,0.023721,0.023746,2016-06-11 10:34:51,72.027,71.68,211000.0
708,0.02375,0.02368,15854.37129443,2046.1863831399996,0.023721,0.023746,2016-06-11 10:35:00,72.027,71.68,211000.0
709,0.02375,0.02368,15855.463715119999,2043.1687684999997,0.023721,0.023746,2016-06-11 10:35:08,72.027,71.68,211000.0
710,0.02375,0.02368,15854.39060165,2046.1752414699995,0.023721,0.023746,2016-06-11 10:35:16,72.027,71.68,211000.0
711,0.02375,0.02368,15855.483022339999,2046.1752888599995,0.023721,0.023746,2016-06-11 10:35:25,72.027,71.68,211000.0
712,0.02375,0.02368,15803.13729131,1995.0829551699997,0.023721,0.023746,2016-06-11 10:35:34,71.009,71.68,211000.0
713,0.02375,0.02368,15803.15448402,2044.8881072699996,0.023721,0.023746,2016-06-11 10:35:42,71.009,71.68,211000.0
714,0.02375,0.02368,15642.644794009999,1994.4342504399997,0.023722,0.023746,2016-06-11 10:35:50,41.938,71.68,211000.0
715,0.02375,0.02368,15693.102331249998,2044.3394104399995,0.023727,0.023746,2016-06-11 10:35:58,72.056,71.68,211000.0
716,0.02375,0.02368,15802.955611250001,2031.0631493799997,0.023727,0.023779,2016-06-11 10:36:07,72.056,71.377,211000.0
717,0.02375,0.02368,15816.77201125,2044.3473144599998,0.02373,0.02375,2016-06-11 10:36:15,71.949,153.72,211000.0
718,0.02375,0.02368,15853.67201125,2044.3473144599998,0.023731,0.023773,2016-06-11 10:36:23,71.936,71.672,211000.0
719,0.02375,0.02368,15853.67201125,2044.3473144599998,0.023731,0.023773,2016-06-11 10:36:31,71.936,71.672,211000.0
720,0.02375,0.02368,15853.67201125,2044.3473144599998,0.023731,0.023767,2016-06-11 10:36:40,71.936,72.021,211000.0
721,0.02375,0.02368,15853.67201125,2043.3406499299997,0.023717,0.023767,2016-06-11 10:36:48,71.82,72.021,211000.0
722,0.02375,0.02368,15853.67201125,2034.8125182399997,0.023723,0.023761,2016-06-11 10:36:56,71.576,71.002,211000.0
723,0.02375,0.02368,15853.50504453,2039.4996919299995,0.023729,0.023761,2016-06-11 10:37:05,71.904,71.002,211000.0
724,0.02375,0.02368,15807.8120616,2039.0481991499994,0.023729,0.023748,2016-06-11 10:37:13,71.904,171.47,211000.0
725,0.02375,0.02368,15879.48984348,2070.635710229999,0.023726,0.023748,2016-06-11 10:37:21,41.931,171.47,211000.0
726,0.02375,0.02368,15814.40181156,1974.0287164099996,0.023719,0.023748,2016-06-11 10:37:29,41.943,171.47,211000.0
727,0.02375,0.02368,15857.463171029998,2071.2226609099994,0.023684,0.023743,2016-06-11 10:37:36,107.11,71.666,211000.0
728,0.02375,0.02368,15857.463171029998,2071.2226609099994,0.023686,0.023743,2016-06-11 10:37:44,107.11,71.666,211000.0
729,0.02375,0.02368,15857.463171029998,2071.2226609099994,0.023688,0.023743,2016-06-11 10:37:53,107.11,71.666,211000.0
730,0.02375,0.02368,15857.463171029998,2071.2226609099994,0.02369,0.023737,2016-06-11 10:38:01,107.11,72.144,211000.0
731,0.02375,0.02368,15857.463171029998,2071.2226609099994,0.023692,0.023731,2016-06-11 10:38:10,107.11,71.742,211000.0
732,0.02375,0.02368,15857.463171029998,2071.2226609099994,0.023693,0.023716,2016-06-11 10:38:18,41.989,186.44,211000.0
733,0.02375,0.02368,15899.21283058,2071.2226609099994,0.023697,0.023725,2016-06-11 10:38:26,21.318,71.524,211000.0
734,0.02375,0.02368,15857.463171029998,2071.2226609099994,0.023699,0.023725,2016-06-11 10:38:34,41.978,71.524,211000.0
735,0.02375,0.02368,15857.463171029998,2071.2226609099994,0.0237,0.023725,2016-06-11 10:38:42,107.11,71.524,211000.0
736,0.02375,0.02368,15857.463171029998,2065.5208811899993,0.023698,0.023725,2016-06-11 10:38:50,47.463,71.524,211000.0
737,0.02375,0.02368,15857.463171029998,2065.5208811899993,0.023703,0.023725,2016-06-11 10:38:59,41.971,71.524,211000.0
738,0.02375,0.02368,15857.463171029998,2065.5208811899993,0.023704,0.023713,2016-06-11 10:39:07,107.101,163.24,211000.0
739,0.02375,0.02368,15857.463171029998,2065.5208811899993,0.0237,0.023725,2016-06-11 10:39:15,149.077,71.524,211000.0
740,0.02375,0.02368,15735.32306933,2065.5208812199994,0.0237,0.023725,2016-06-11 10:39:23,21.319,71.524,211000.0
741,0.02375,0.02368,15857.45632102,2015.6157212199996,0.0237,0.023713,2016-06-11 10:39:31,21.319,160.12,211000.0
742,0.02375,0.02368,15857.448846849999,2065.4208812199995,0.023693,0.023724,2016-06-11 10:39:39,149.09,173.898,211000.0
743,0.02375,0.02368,15857.448846849999,2065.5208812199994,0.023693,0.023725,2016-06-11 10:39:47,149.09,71.524,211000.0
744,0.02375,0.02368,15857.448846849999,2065.5208812199994,0.02371,0.023725,2016-06-11 10:39:56,21.328,71.524,211000.0
745,0.02375,0.02368,15857.448846849999,2065.5208812199994,0.023711,0.023725,2016-06-11 10:40:04,149.058,71.524,211000.0
746,0.02375,0.02368,15857.448846849999,2065.4208812199995,0.023706,0.023748,2016-06-11 10:40:12,149.067,171.47,211000.0
747,0.02375,0.02368,15899.898506399999,2065.4208812199995,0.023706,0.023737,2016-06-11 10:40:22,149.067,155.61,211000.0
748,0.02375,0.02368,16030.53984685,2065.4208812199995,0.023716,0.023737,2016-06-11 10:40:30,149.049,155.61,211000.0
749,0.02375,0.02368,15899.7616764,2065.4208812199995,0.023717,0.023738,2016-06-11 10:40:38,149.047,71.728,211000.0
750,0.02375,0.02368,15899.898506399999,2065.4208812199995,0.023691,0.023748,2016-06-11 10:40:46,149.093,171.47,211000.0
751,0.02375,0.02368,15899.898506399999,2065.5208812199994,0.023693,0.023743,2016-06-11 10:40:55,149.09,71.885,211000.0
752,0.02375,0.02368,15857.458667019999,1973.2157212199995,0.023725,0.023743,2016-06-11 10:41:02,189.0,71.885,211000.0
753,0.02375,0.02368,15857.458667019999,2065.4208812199995,0.023725,0.023779,2016-06-11 10:41:10,189.0,71.956,211000.0
754,0.02375,0.02368,15857.458667019999,2065.4208812199995,0.02373,0.023773,2016-06-11 10:41:18,71.636,71.971,211000.0
755,0.02375,0.02368,15848.33610574,2065.4208812199995,0.02373,0.023772,2016-06-11 10:41:26,71.636,179.4,211000.0
756,0.02375,0.02368,15890.7669644,2065.4208812199995,0.02373,0.023767,2016-06-11 10:41:34,71.636,71.791,211000.0
757,0.02375,0.02368,15848.328981730001,2062.955073479999,0.02373,0.023761,2016-06-11 10:41:42,55.436,71.979,211000.0
758,0.02375,0.02368,15848.328981730001,2013.0499134799995,0.023725,0.023761,2016-06-11 10:41:51,201.338,71.979,211000.0
759,0.02375,0.02368,15848.328981730001,2062.855073479999,0.02373,0.023761,2016-06-11 10:42:00,71.801,71.979,211000.0
760,0.02375,0.02368,15848.328981730001,2062.855073479999,0.02373,0.023761,2016-06-11 10:42:08,71.801,71.979,211000.0
761,0.02375,0.02368,15848.328981730001,2062.855073479999,0.023725,0.023784,2016-06-11 10:42:16,189.0,166.13,211000.0
762,0.02375,0.02368,15848.328981730001,2062.855073479999,0.02373,0.02376,2016-06-11 10:42:24,13.924,185.71,211000.0
763,0.02375,0.02368,15848.328981730001,2060.482034669999,0.02373,0.023779,2016-06-11 10:42:32,85.519,71.568,211000.0
764,0.02375,0.02368,15848.328981730001,2062.855073479999,0.02373,0.023773,2016-06-11 10:42:40,71.595,71.376,211000.0
765,0.02375,0.02369,15878.926891040002,2062.855073479999,0.023731,0.023772,2016-06-11 10:42:48,47.977,155.84,211000.0
766,0.02375,0.02368,15848.328981730001,2062.855073479999,0.023737,0.023748,2016-06-11 10:42:56,12.326,184.45,211000.0
767,0.02375,0.02368,15848.328981730001,2062.855073479999,0.02373,0.023751,2016-06-11 10:43:04,71.787,180.62,211000.0
768,0.02375,0.02368,15847.62898173,2062.855073479999,0.023725,0.023756,2016-06-11 10:43:12,189.0,71.814,211000.0
769,0.02375,0.02368,15847.236561040001,2062.855073479999,0.023727,0.023773,2016-06-11 10:43:21,71.566,71.732,211000.0
770,0.02375,0.02368,15847.236561040001,2062.855073479999,0.023727,0.023772,2016-06-11 10:43:30,71.566,180.98,211000.0
771,0.02375,0.02368,15847.236561040001,2062.855073479999,0.023727,0.023762,2016-06-11 10:43:38,71.566,71.945,211000.0
772,0.02375,0.02368,15847.236561040001,2062.855073479999,0.023725,0.023761,2016-06-11 10:43:47,189.0,187.13,211000.0
773,0.02375,0.02368,15847.236561040001,2062.855073479999,0.023725,0.023761,2016-06-11 10:43:55,189.0,5.84,211000.0
774,0.02375,0.02368,15847.236561040001,2062.855073479999,0.02373,0.023761,2016-06-11 10:44:04,71.253,5.84,211000.0
775,0.02375,0.02368,15847.236561040001,2062.855073479999,0.02373,0.023751,2016-06-11 10:44:12,71.253,165.42,211000.0
776,0.02375,0.02368,15847.236561040001,2062.855073479999,0.023727,0.023761,2016-06-11 10:44:20,72.142,5.84,211000.0
777,0.02375,0.02368,15847.236561040001,2062.855073479999,0.023727,0.023761,2016-06-11 10:44:28,72.142,5.84,211000.0
778,0.02375,0.02368,15847.236561040001,2062.855073479999,0.023727,0.023761,2016-06-11 10:44:36,72.142,5.84,211000.0
779,0.02375,0.02368,15847.236561040001,2062.855073479999,0.023727,0.023761,2016-06-11 10:44:45,72.142,167.68,211000.0
780,0.02375,0.02368,15848.31847265,2062.855073479999,0.023732,0.023761,2016-06-11 10:44:53,71.909,5.84,211000.0
781,0.02375,0.02368,15848.31847265,2062.955073479999,0.023732,0.023761,2016-06-11 10:45:02,71.909,12.507,211000.0
782,0.02375,0.02368,15848.31847265,2062.8550734799996,0.023725,0.023761,2016-06-11 10:45:10,189.0,12.507,211000.0
783,0.02375,0.02368,15848.31847265,2062.8550734799996,0.023725,0.023761,2016-06-11 10:45:18,189.0,12.507,211000.0
784,0.02375,0.02368,15848.31847265,2062.8550734799996,0.023725,0.023761,2016-06-11 10:45:27,189.0,12.507,211000.0
785,0.02375,0.02368,15848.31847265,2062.8550734799996,0.023725,0.023761,2016-06-11 10:45:35,189.0,12.507,211000.0
786,0.02375,0.02368,15848.31847265,2062.8550734799996,0.023725,0.023761,2016-06-11 10:45:44,189.0,12.507,211000.0
787,0.02375,0.02368,15848.31847265,2062.8550734799996,0.02373,0.023761,2016-06-11 10:45:52,71.482,12.507,211000.0
788,0.02375,0.02368,15848.31847265,2062.8550734799996,0.02373,0.023761,2016-06-11 10:46:01,71.605,12.507,211000.0
789,0.02375,0.02368,15848.31847265,2062.8550734799996,0.023699,0.023756,2016-06-11 10:46:09,149.079,71.903,211000.0
790,0.02375,0.02368,15848.31847265,2062.8550734799996,0.023704,0.023755,2016-06-11 10:46:18,71.636,15.129,211000.0
791,0.02375,0.02368,15848.31847265,2062.8550734799996,0.023705,0.02375,2016-06-11 10:46:26,194.564,72.078,211000.0
792,0.02375,0.02368,15848.31847265,2062.8550734799996,0.023711,0.023749,2016-06-11 10:46:35,149.058,14.851,211000.0
793,0.02385,0.02368,15848.31847265,2011.9896341499996,0.023721,0.023744,2016-06-11 10:46:43,72.014,72.096,211000.0
794,0.02384,0.02368,15848.31847265,1763.4228475200007,0.023721,0.023743,2016-06-11 10:46:52,72.014,14.851,211000.0
795,0.02384,0.02368,15918.361916790001,2030.8371653299996,0.023721,0.023743,2016-06-11 10:47:00,72.014,14.83,211000.0
796,0.02384,0.02368,15909.193722240001,2022.0865193999994,0.023722,0.02375,2016-06-11 10:47:09,31.841,72.087,211000.0
797,0.02385,0.02369,15909.193722240001,2019.6114117399995,0.023727,0.02375,2016-06-11 10:47:17,71.757,72.087,211000.0
798,0.02384,0.02368,15912.77377103,2031.2382042799995,0.023716,0.023749,2016-06-11 10:47:25,71.45,14.84,211000.0
799,0.02377,0.02368,15912.557371030001,1960.6232042799995,0.023717,0.023749,2016-06-11 10:47:33,172.998,14.84,211000.0
800,0.02376,0.02368,15914.10837103,1960.1957538499994,0.023718,0.023749,2016-06-11 10:47:42,149.046,14.84,211000.0
801,0.02376,0.02368,15915.111371030001,1960.1957538499994,0.023718,0.023749,2016-06-11 10:47:50,41.945,14.84,211000.0
802,0.02376,0.02368,15915.111371030001,1963.1611945899995,0.023701,0.023749,2016-06-11 10:47:58,71.483,14.84,211000.0
803,0.02376,0.02368,15915.111371030001,1963.1611945899995,0.023702,0.023744,2016-06-11 10:48:06,107.101,14.831,211000.0
804,0.02376,0.02368,15915.111371030001,1963.1611945899995,0.023707,0.023739,2016-06-11 10:48:14,71.441,71.674,211000.0
805,0.02376,0.02368,15915.111371030001,1963.1611945899995,0.023708,0.023739,2016-06-11 10:48:22,194.559,71.674,211000.0
806,0.02376,0.02368,15915.111371030001,1963.1611945899995,0.023718,0.023739,2016-06-11 10:48:30,71.812,71.674,211000.0
807,0.02376,0.02368,15915.111371030001,1963.1611945899995,0.023718,0.023739,2016-06-11 10:48:39,71.812,71.674,211000.0
808,0.02376,0.02368,15915.111371030001,1963.1611945899995,0.023718,0.023739,2016-06-11 10:48:46,71.812,71.632,211000.0
809,0.02376,0.02368,15915.111371030001,1963.1611945899995,0.023718,0.023739,2016-06-11 10:48:54,71.812,71.632,211000.0
810,0.02376,0.02368,15915.111371030001,1963.1611945899995,0.023718,0.023739,2016-06-11 10:49:02,71.812,71.632,211000.0
811,0.02376,0.02368,15915.111371030001,1963.1611945899995,0.023718,0.023739,2016-06-11 10:49:10,71.812,71.632,211000.0
812,0.02376,0.02369,15876.661711480001,1963.1611945899995,0.023718,0.023739,2016-06-11 10:49:19,71.812,71.632,211000.0
813,0.02376,0.02369,15876.661711480001,1669.2611945900003,0.023718,0.023739,2016-06-11 10:49:27,71.812,71.632,211000.0
814,0.02376,0.02369,15876.661711480001,1963.1611945899995,0.023718,0.023739,2016-06-11 10:49:36,71.812,71.632,211000.0
815,0.02376,0.02369,15876.661711480001,1963.1611945899995,0.023718,0.023739,2016-06-11 10:49:44,71.812,71.632,211000.0
816,0.02376,0.02369,15876.661711480001,1963.1611945899995,0.023718,0.023739,2016-06-11 10:49:52,71.812,71.632,211000.0
817,0.02376,0.02369,15876.661711480001,1948.2399068699995,0.023718,0.023739,2016-06-11 10:49:59,71.812,71.632,211000.0
818,0.02377,0.0237,15907.40931579,1948.2399068699995,0.023724,0.023739,2016-06-11 10:50:08,71.32,71.632,211000.0
819,0.02375,0.02369,15876.661711480001,1949.8578511199996,0.023724,0.023739,2016-06-11 10:50:16,71.32,71.632,211000.0
820,0.02375,0.02369,15876.661711480001,1957.3447323999994,0.023719,0.023739,2016-06-11 10:50:26,71.494,71.632,211000.0
821,0.02375,0.02369,15876.661711480001,1957.3447323999994,0.023719,0.023739,2016-06-11 10:50:34,71.494,71.632,211000.0
822,0.02375,0.02369,15876.661711480001,1957.3447323999994,0.023719,0.023739,2016-06-11 10:50:42,71.494,71.632,211000.0
823,0.02375,0.02369,15876.661711480001,1957.3447323999994,0.023719,0.023739,2016-06-11 10:50:50,71.494,71.632,211000.0
824,0.02375,0.02369,15876.661711480001,1957.3447323999994,0.023719,0.023739,2016-06-11 10:50:59,71.494,71.632,211000.0
825,0.02375,0.02369,15876.661711480001,1957.3447323999994,0.023719,0.023739,2016-06-11 10:51:07,71.494,71.632,211000.0
826,0.02375,0.02369,15876.661711480001,1957.3447323999994,0.023719,0.023739,2016-06-11 10:51:15,71.494,71.632,211000.0
827,0.02375,0.02369,15876.661711480001,1957.3447323999994,0.023719,0.023739,2016-06-11 10:51:23,71.494,71.632,211000.0
828,0.02375,0.02369,15876.661711480001,1957.3447323999994,0.023719,0.023739,2016-06-11 10:51:33,71.494,71.632,211000.0
829,0.02375,0.02369,15876.661711480001,1957.3447323999994,0.023719,0.023739,2016-06-11 10:51:41,71.494,63.272,211000.0
830,0.02377,0.02369,15876.661711480001,1906.32347683,0.023719,0.023783,2016-06-11 10:51:49,71.494,0.758,211000.0
831,0.02377,0.02369,15876.661711480001,1949.2093172299994,0.023719,0.023782,2016-06-11 10:51:58,71.494,2.838,211000.0
832,0.02377,0.02369,15876.661711480001,1955.3093172299994,0.023719,0.023798,2016-06-11 10:52:06,71.494,63.326,211000.0
833,0.02377,0.02369,15876.549827480001,1955.3093172299994,0.023719,0.023782,2016-06-11 10:52:15,71.494,71.653,211000.0
834,0.02377,0.02369,15876.549827480001,1955.3093172299994,0.023719,0.023776,2016-06-11 10:52:23,71.494,71.735,211000.0
835,0.02377,0.02369,15876.549827480001,1956.66521976,0.023719,0.023775,2016-06-11 10:52:33,71.494,63.326,211000.0
836,0.02377,0.02369,15876.549827480001,1956.66521976,0.023719,0.023769,2016-06-11 10:52:41,71.494,63.326,211000.0
837,0.02377,0.02369,15876.549827480001,1956.66521976,0.023719,0.023759,2016-06-11 10:52:49,71.494,71.421,211000.0
838,0.02377,0.02369,15876.549827480001,1955.6921809499997,0.023719,0.023758,2016-06-11 10:52:58,71.494,63.326,211000.0
839,0.02377,0.02369,15876.549827480001,1955.6921809499997,0.023719,0.023752,2016-06-11 10:53:06,71.494,63.326,211000.0
840,0.02385,0.02369,15876.54782748,1962.5492197599997,0.023719,0.023752,2016-06-11 10:53:16,71.494,63.326,211000.0
841,0.02378,0.02369,15876.54782748,1962.5492197599997,0.023719,0.023752,2016-06-11 10:53:24,71.494,63.326,211000.0
842,0.02378,0.02369,15868.258318580001,1959.2062406899997,0.02369,0.023752,2016-06-11 10:53:41,46.134,63.326,211000.0
