obs,btce_ETH_buy,btce_ETH_sell,btce_ETH_depth_bid,btce_ETH_depth_ask,K_bid,k_ask,k_time,k_bid_vol,k_ask_vol,uc_trans
1,0.0245,0.0244,7441.992129139999,6304.468463879999,0.024439,0.024577,2016-06-10 12:23:26,169.41,106.034,211000.0
2,0.0245,0.0244,7441.992129139999,6304.468463879999,0.024444,0.024577,2016-06-10 12:23:37,69.973,106.034,211000.0
3,0.0245,0.0244,7441.992129139999,6304.468463879999,0.024463,0.024577,2016-06-10 12:23:48,9.931,106.034,211000.0
4,0.0245,0.0244,7441.992129139999,6304.468463879999,0.024463,0.024577,2016-06-10 12:23:57,9.931,106.034,211000.0
5,0.0245,0.0244,7441.992129139999,6304.468463879999,0.024437,0.024577,2016-06-10 12:24:07,70.37,106.034,211000.0
6,0.0245,0.0244,7442.492129139999,6304.468463879999,0.024437,0.024577,2016-06-10 12:24:15,80.481,106.034,211000.0
7,0.0245,0.0244,7426.058479039999,6273.094620949999,0.024438,0.024572,2016-06-10 12:24:24,32.807,70.148,211000.0
8,0.0245,0.0244,7353.005096969999,6312.796544759999,0.024443,0.024555,2016-06-10 12:24:32,70.493,6.75,211000.0
9,0.0245,0.0244,7419.405216969999,6274.944364759999,0.02441,0.02455,2016-06-10 12:24:42,51.102,3.56,211000.0
10,0.0245,0.0244,7419.822766969999,6272.896544759999,0.024416,0.024545,2016-06-10 12:24:51,70.597,3.56,211000.0
11,0.0245,0.0244,7419.822766969999,6312.796544759999,0.024416,0.024545,2016-06-10 12:24:59,91.594,3.56,211000.0
12,0.0245,0.0244,7433.838904619999,6297.215506199999,0.024443,0.024584,2016-06-10 12:25:09,20.997,145.714,211000.0
13,0.0245,0.0244,7465.6938312799975,6299.982921309999,0.024448,0.024584,2016-06-10 12:25:17,70.117,145.714,211000.0
14,0.0245,0.0244,7453.579061279997,6299.982921309999,0.024448,0.024584,2016-06-10 12:25:26,91.128,145.714,211000.0
15,0.0245,0.0244,7453.579061279997,6299.982921309999,0.024454,0.024584,2016-06-10 12:25:34,70.087,145.714,211000.0
16,0.0245,0.0244,7453.579061279997,6299.982921309999,0.024454,0.024584,2016-06-10 12:25:42,70.087,145.714,211000.0
17,0.0245,0.0244,7453.579061279997,6299.982921309999,0.024454,0.024584,2016-06-10 12:25:51,70.087,145.714,211000.0
18,0.0245,0.0244,7453.579061279997,6299.982921309999,0.024454,0.024584,2016-06-10 12:26:00,70.087,145.714,211000.0
19,0.0245,0.0244,7453.579061279997,6299.982921309999,0.024454,0.024584,2016-06-10 12:26:09,70.087,145.714,211000.0
20,0.0245,0.0244,7453.579061279997,6299.982921309999,0.024411,0.024584,2016-06-10 12:26:18,72.61,145.714,211000.0
21,0.0245,0.0244,7453.579061279997,6299.982921309999,0.024469,0.024584,2016-06-10 12:26:28,70.417,145.714,211000.0
22,0.0245,0.0244,7453.579061279997,6299.982921309999,0.024441,0.024584,2016-06-10 12:26:38,69.922,145.714,211000.0
23,0.0245,0.0244,7453.579061279997,6299.982921309999,0.024441,0.024584,2016-06-10 12:26:48,69.922,145.714,211000.0
24,0.0245,0.0244,7453.579061279997,6299.982921309999,0.024447,0.024584,2016-06-10 12:26:56,69.919,145.714,211000.0
25,0.0245,0.0244,7453.579061279997,6299.982921309999,0.024448,0.024584,2016-06-10 12:27:07,164.352,145.714,211000.0
26,0.0245,0.0244,7453.579061279997,6264.811135699999,0.024453,0.024584,2016-06-10 12:27:15,91.398,145.714,211000.0
27,0.0245,0.0244,7453.579061279997,6301.031354509999,0.024459,0.024584,2016-06-10 12:27:25,70.496,145.714,211000.0
28,0.0245,0.0244,7453.579061279997,6301.031354509999,0.024459,0.024584,2016-06-10 12:27:34,70.496,145.714,211000.0
29,0.0245,0.0244,7453.579061279997,6301.031354509999,0.024442,0.024584,2016-06-10 12:27:43,171.57,145.714,211000.0
30,0.0245,0.0244,7453.579061279997,6301.031354509999,0.024447,0.024584,2016-06-10 12:27:52,70.065,145.714,211000.0
31,0.0245,0.0244,7453.579061279997,6301.031354509999,0.024448,0.024584,2016-06-10 12:28:00,149.54,145.714,211000.0
32,0.0245,0.0244,7439.393072119998,6303.046845059999,0.024458,0.024584,2016-06-10 12:28:12,70.145,107.714,211000.0
33,0.0245,0.0244,7439.393072119998,6303.046845059999,0.024469,0.024584,2016-06-10 12:28:22,70.136,107.714,211000.0
34,0.0245,0.0244,7439.393072119998,6303.046845059999,0.024469,0.024584,2016-06-10 12:28:31,70.136,107.714,211000.0
35,0.0245,0.0244,7438.182514569999,6303.046845059999,0.024442,0.024584,2016-06-10 12:28:41,177.83,107.714,211000.0
36,0.0245,0.0244,7438.182514569999,6303.046845059999,0.024447,0.024584,2016-06-10 12:28:49,70.074,107.714,211000.0
37,0.0245,0.0244,7438.182514569999,6303.046845059999,0.024448,0.024584,2016-06-10 12:28:59,192.436,107.714,211000.0
38,0.0245,0.0244,7438.182514569999,6303.046845059999,0.024454,0.024584,2016-06-10 12:29:07,155.33,107.714,211000.0
39,0.0245,0.0244,7438.182514569999,6303.046845059999,0.024476,0.024584,2016-06-10 12:29:16,171.26,107.714,211000.0
40,0.0245,0.0244,7371.428460299998,6302.946845059999,0.024441,0.024582,2016-06-10 12:29:25,91.389,173.613,211000.0
41,0.0245,0.0244,7438.246130299998,6303.046845059999,0.024441,0.02458,2016-06-10 12:29:34,91.389,176.634,211000.0
42,0.0245,0.0244,7438.246130299998,6303.046845059999,0.024441,0.02458,2016-06-10 12:29:42,91.389,176.634,211000.0
43,0.0245,0.0244,7438.246130299998,6303.046845059999,0.024441,0.024578,2016-06-10 12:29:50,91.389,157.798,211000.0
44,0.0245,0.0244,7438.246130299998,6303.046845059999,0.024441,0.024578,2016-06-10 12:30:00,91.389,157.798,211000.0
45,0.0245,0.0244,7438.293594709998,6303.046845059999,0.024441,0.024576,2016-06-10 12:30:10,91.389,147.491,211000.0
46,0.0245,0.0244,7438.293594709998,6304.095278259999,0.024441,0.024576,2016-06-10 12:30:18,91.389,147.491,211000.0
47,0.0245,0.0244,7438.293594709998,6304.095278259999,0.024441,0.024576,2016-06-10 12:30:27,91.389,147.491,211000.0
48,0.0245,0.0244,7438.279173669998,6304.095278259999,0.024441,0.024576,2016-06-10 12:30:37,91.389,147.491,211000.0
49,0.0245,0.0244,7438.279173669998,6304.095278259999,0.024441,0.024602,2016-06-10 12:30:46,91.389,150.334,211000.0
50,0.0245,0.0244,7438.279173669998,6304.095278259999,0.024452,0.024602,2016-06-10 12:30:54,70.215,150.334,211000.0
51,0.0245,0.0244,7435.154892089999,6304.095278259999,0.024452,0.0246,2016-06-10 12:31:03,70.215,163.662,211000.0
52,0.0245,0.0244,7435.154892089999,6304.095278259999,0.024441,0.0246,2016-06-10 12:31:12,70.134,163.662,211000.0
53,0.0245,0.0244,7435.154892089999,6304.095278259999,0.024441,0.024598,2016-06-10 12:31:21,70.134,144.826,211000.0
54,0.0245,0.0244,7435.154892089999,6304.095278259999,0.024441,0.024571,2016-06-10 12:31:30,70.134,9.36,211000.0
55,0.0245,0.0244,6435.15489209,6302.40648083,0.024441,0.024598,2016-06-10 12:31:38,70.134,144.826,211000.0
56,0.0245,0.0244,6435.650597010001,6302.40648083,0.024448,0.024597,2016-06-10 12:31:46,32.819,163.662,211000.0
57,0.0245,0.0244,6434.540967010002,6304.053153869999,0.024453,0.024628,2016-06-10 12:31:56,70.048,147.491,211000.0
58,0.0245,0.0244,6390.340967010001,6304.053153869999,0.024485,0.024628,2016-06-10 12:32:05,69.976,157.028,211000.0
59,0.0245,0.0244,6434.540967010002,6304.053153869999,0.024441,0.024626,2016-06-10 12:32:14,70.482,151.578,211000.0
60,0.0245,0.0244,6434.540967010002,6304.053153869999,0.024441,0.024624,2016-06-10 12:32:23,70.482,138.073,211000.0
61,0.0245,0.0244,6434.540967010002,6301.6801150599995,0.024442,0.024622,2016-06-10 12:32:32,84.406,142.515,211000.0
62,0.02449,0.0244,6434.5813437100005,6252.121993889999,0.024408,0.024564,2016-06-10 12:32:40,58.47,145.27,211000.0
63,0.02449,0.0244,6434.5813437100005,6298.27356069,0.024414,0.024554,2016-06-10 12:32:48,56.59,70.519,211000.0
64,0.02449,0.0244,6434.5813437100005,6298.27356069,0.02442,0.024554,2016-06-10 12:32:58,56.59,70.519,211000.0
65,0.02449,0.0244,6434.5813437100005,6298.27356069,0.024465,0.024554,2016-06-10 12:33:08,20.969,70.519,211000.0
66,0.02449,0.0244,6434.5813437100005,6298.27356069,0.02447,0.024554,2016-06-10 12:33:16,70.541,70.519,211000.0
67,0.02449,0.0244,6434.5813437100005,6298.27356069,0.024425,0.024554,2016-06-10 12:33:25,90.869,70.519,211000.0
68,0.02449,0.0244,6416.448245040001,6306.3246933599985,0.024425,0.024554,2016-06-10 12:33:34,90.869,70.519,211000.0
69,0.02449,0.0244,6416.640325040002,6299.12469336,0.024425,0.024525,2016-06-10 12:33:45,90.869,70.214,211000.0
70,0.02449,0.0244,6417.140325040002,6309.425593359999,0.024425,0.024525,2016-06-10 12:33:54,90.869,70.214,211000.0
71,0.02449,0.0244,6417.140325040002,6309.425593359999,0.024425,0.024525,2016-06-10 12:34:02,90.869,70.214,211000.0
72,0.02449,0.0244,6417.140325040002,6309.425593359999,0.024425,0.024525,2016-06-10 12:34:10,90.869,70.214,211000.0
73,0.02449,0.0244,6417.140325040002,6309.425593359999,0.024425,0.024525,2016-06-10 12:34:19,90.869,70.214,211000.0
74,0.0245,0.0244,6759.48406667,6172.721846559999,0.024425,0.024525,2016-06-10 12:34:28,90.869,70.214,211000.0
75,0.0245,0.0244,6826.3017366700005,6309.42559336,0.024425,0.024525,2016-06-10 12:34:36,90.869,70.214,211000.0
76,0.0245,0.0244,6826.279027650002,6309.42559336,0.024425,0.024525,2016-06-10 12:34:44,90.869,70.214,211000.0
77,0.0245,0.0244,6417.175091910001,6309.42559336,0.024425,0.024525,2016-06-10 12:34:53,90.869,70.214,211000.0
78,0.0245,0.0244,6417.175091910001,6309.42559336,0.024425,0.024525,2016-06-10 12:35:02,90.869,70.214,211000.0
79,0.0245,0.0244,6417.175091910001,6309.42559336,0.024425,0.02449,2016-06-10 12:35:10,90.869,161.17,211000.0
80,0.0245,0.0244,6417.175091910001,6309.42559336,0.024425,0.024485,2016-06-10 12:35:20,90.869,70.423,211000.0
81,0.0245,0.0244,6417.10966801,6309.42559336,0.024425,0.024485,2016-06-10 12:35:30,90.869,70.423,211000.0
82,0.0245,0.0244,6417.10966801,6309.42559336,0.024425,0.024485,2016-06-10 12:35:41,90.869,70.423,211000.0
83,0.0245,0.0244,6417.10966801,6309.42559336,0.024425,0.024485,2016-06-10 12:35:50,69.9,70.423,211000.0
84,0.0245,0.0244,6417.10966801,6309.325593359999,0.024425,0.024485,2016-06-10 12:35:59,90.916,70.423,211000.0
85,0.0245,0.0244,6417.10966801,6309.325593359999,0.024401,0.024485,2016-06-10 12:36:07,70.67,70.423,211000.0
86,0.0245,0.0244,6416.809668010001,6309.325593359999,0.024408,0.024485,2016-06-10 12:36:17,51.107,70.423,211000.0
87,0.0245,0.0244,6399.22907128,6298.998368879999,0.024419,0.024485,2016-06-10 12:36:25,70.476,66.404,211000.0
88,0.0245,0.0244,6399.22907128,6298.998368879999,0.024419,0.024485,2016-06-10 12:36:34,91.492,66.404,211000.0
89,0.0245,0.0244,6398.228350400001,6298.998368879999,0.024425,0.024529,2016-06-10 12:36:41,70.479,3.54,211000.0
90,0.0245,0.0244,6398.228350400001,6298.998368879999,0.024425,0.024529,2016-06-10 12:36:50,70.479,3.54,211000.0
91,0.0245,0.0244,6398.228350400001,6298.998368879999,0.02443,0.024529,2016-06-10 12:36:59,70.423,3.54,211000.0
92,0.0245,0.0244,6398.228350400001,6298.998368879999,0.02445,0.024529,2016-06-10 12:37:07,70.528,3.54,211000.0
93,0.0245,0.0244,6398.228350400001,6298.998368879999,0.02441,0.024529,2016-06-10 12:37:18,70.324,3.54,211000.0
94,0.0245,0.0244,6398.228350400001,6298.998368879999,0.024411,0.024529,2016-06-10 12:37:27,51.1,3.54,211000.0
95,0.0245,0.0244,6398.228350400001,6298.998368879999,0.024416,0.024529,2016-06-10 12:37:35,70.436,3.54,211000.0
96,0.0245,0.0244,6331.88792725,6297.573763269999,0.024422,0.024489,2016-06-10 12:37:45,70.132,170.83,211000.0
97,0.0245,0.0244,6398.28804725,6298.998368879999,0.024427,0.024489,2016-06-10 12:37:54,70.3,170.83,211000.0
98,0.0245,0.0244,6398.28804725,6300.046802079999,0.024401,0.024489,2016-06-10 12:38:05,70.267,170.83,211000.0
99,0.0245,0.0244,6398.28804725,6300.046802079999,0.024442,0.024489,2016-06-10 12:38:14,70.229,170.83,211000.0
100,0.0245,0.0244,6398.28804725,6300.046802079999,0.024413,0.024489,2016-06-10 12:38:24,70.313,170.83,211000.0
101,0.0245,0.0244,6398.28804725,6300.046802079999,0.024414,0.024489,2016-06-10 12:38:32,20.983,170.83,211000.0
102,0.0245,0.0244,6398.28804725,6300.046802079999,0.024432,0.024489,2016-06-10 12:38:42,70.618,170.83,211000.0
103,0.0245,0.0244,6391.7307640200015,6300.046802079999,0.024432,0.024489,2016-06-10 12:38:53,20.983,170.83,211000.0
104,0.0245,0.0244,6391.7307640200015,6301.60574955,0.024406,0.024489,2016-06-10 12:39:03,69.989,170.83,211000.0
105,0.0245,0.0244,6391.7307640200015,6300.046802079999,0.024412,0.024489,2016-06-10 12:39:13,70.671,146.356,211000.0
106,0.0245,0.0244,6391.7307640200015,6264.151802079999,0.024402,0.024489,2016-06-10 12:39:21,51.119,146.356,211000.0
107,0.0245,0.0244,6390.171816550001,6598.422368879998,0.024408,0.024529,2016-06-10 12:39:30,51.107,3.54,211000.0
108,0.0245,0.02433,6390.171816550001,6322.24680208,0.024418,0.024529,2016-06-10 12:39:38,70.05,3.54,211000.0
109,0.0245,0.02433,6389.050056540002,6321.19836888,0.024428,0.024486,2016-06-10 12:39:47,70.538,57.94,211000.0
110,0.0245,0.02434,6425.802240610001,6321.19836888,0.024433,0.024491,2016-06-10 12:39:55,70.198,170.83,211000.0
111,0.0245,0.02434,6425.802240610001,6321.19836888,0.024422,0.02449,2016-06-10 12:40:03,70.639,29.9,211000.0
112,0.0245,0.02434,6408.962240610001,6300.046802079999,0.024422,0.02449,2016-06-10 12:40:13,91.631,157.89,211000.0
113,0.0245,0.02434,6419.339562570001,6460.883368879999,0.024422,0.02449,2016-06-10 12:40:21,91.631,157.89,211000.0
114,0.0245,0.02434,6419.339562570001,6449.688368879999,0.024422,0.02449,2016-06-10 12:40:31,91.631,157.89,211000.0
115,0.0245,0.02434,6419.339562570001,6449.688368879999,0.024422,0.02449,2016-06-10 12:40:40,91.631,157.89,211000.0
116,0.0245,0.02434,6419.339562570001,6449.688368879999,0.024422,0.02449,2016-06-10 12:40:49,91.631,157.89,211000.0
117,0.0245,0.02434,6419.339562570001,6449.688368879999,0.024422,0.02449,2016-06-10 12:40:58,91.631,157.89,211000.0
118,0.0245,0.02434,6419.339562570001,6449.688368879999,0.024422,0.02449,2016-06-10 12:41:07,91.631,157.89,211000.0
119,0.0245,0.02434,6419.339562570001,6449.688368879999,0.024428,0.024529,2016-06-10 12:41:24,70.302,167.999,211000.0
120,0.0245,0.02434,6528.70956257,6449.688368879999,0.024439,0.024524,2016-06-10 12:41:32,70.532,166.6,211000.0
121,0.0245,0.02434,6528.70956257,6449.688368879999,0.024446,0.024523,2016-06-10 12:41:40,51.027,162.418,211000.0
122,0.0245,0.02434,6528.70956257,6449.688368879999,0.024451,0.024522,2016-06-10 12:41:48,70.357,34.237,211000.0
123,0.0245,0.02434,6529.20956257,6449.688368879999,0.024457,0.024521,2016-06-10 12:41:57,70.65,142.871,211000.0
124,0.0245,0.02435,6529.20956257,6449.688368879999,0.024475,0.024521,2016-06-10 12:42:06,70.133,142.871,211000.0
125,0.0245,0.02435,6583.19956257,6449.688368879999,0.024481,0.024521,2016-06-10 12:42:14,70.437,142.871,211000.0
126,0.0245,0.02436,6565.710947020001,6449.688368879999,0.024401,0.024521,2016-06-10 12:42:22,70.671,142.871,211000.0
127,0.0245,0.02436,6565.710947020001,6449.688368879999,0.024483,0.02452,2016-06-10 12:42:31,50.95,0.25,211000.0
128,0.0245,0.02436,6565.710947020001,6449.688368879999,0.024402,0.024521,2016-06-10 12:42:39,51.119,142.871,211000.0
129,0.0245,0.02436,6568.52164121,6449.688368879999,0.024402,0.024521,2016-06-10 12:42:48,51.119,142.871,211000.0
130,0.0245,0.02436,6568.52164121,6449.688368879999,0.024463,0.024521,2016-06-10 12:42:56,20.981,142.871,211000.0
131,0.0245,0.02436,6568.52164121,6448.263763269998,0.024467,0.024521,2016-06-10 12:43:05,70.236,142.871,211000.0
132,0.0245,0.02436,6568.52164121,6449.688368879999,0.024478,0.02452,2016-06-10 12:43:17,69.986,0.25,211000.0
133,0.0245,0.02436,6568.02891173,6166.399622079999,0.024396,0.024521,2016-06-10 12:43:26,84.04,142.871,211000.0
134,0.0245,0.02436,6702.30824208,6452.353368879999,0.024452,0.024519,2016-06-10 12:43:36,70.728,153.533,211000.0
135,0.0245,0.02436,6814.005436120002,6448.621368879999,0.024395,0.024443,2016-06-10 12:43:45,605.13,54.97,211000.0
136,0.02449,0.02436,6814.005436120002,6438.960125329999,0.024448,0.024486,2016-06-10 12:44:04,163.38,145.896,211000.0
137,0.0245,0.02436,6861.5708133100015,6459.044340969999,0.024403,0.024486,2016-06-10 12:44:13,51.117,145.896,211000.0
138,0.0245,0.02436,6861.5708133100015,6459.044340969999,0.024414,0.024486,2016-06-10 12:44:21,214.474,145.896,211000.0
139,0.0245,0.02436,6861.5708133100015,6459.044340969999,0.024437,0.024486,2016-06-10 12:44:29,70.462,145.896,211000.0
140,0.0245,0.02436,6845.148897100002,6442.321243989999,0.02442,0.024523,2016-06-10 12:44:38,54.97,30.824,211000.0
141,0.0245,0.02436,6416.353516270001,6455.888750429999,0.024425,0.024522,2016-06-10 12:44:47,70.373,151.045,211000.0
142,0.0245,0.02437,6821.7554248000015,6455.888750429999,0.024426,0.024522,2016-06-10 12:44:56,75.98,151.045,211000.0
143,0.0245,0.02437,6416.744107060002,6455.888750429999,0.024437,0.024521,2016-06-10 12:45:04,70.085,30.627,211000.0
144,0.0245,0.02437,6825.920424250002,6455.888750429999,0.024443,0.02452,2016-06-10 12:45:13,70.138,158.331,211000.0
145,0.0245,0.02438,6827.77797936,6455.888750429999,0.024449,0.02452,2016-06-10 12:45:30,70.58,158.331,211000.0
146,0.0245,0.02438,6419.25541897,6455.888750429999,0.02445,0.02452,2016-06-10 12:45:38,54.97,158.331,211000.0
147,0.0245,0.02438,6419.25541897,6455.888750429999,0.024461,0.02452,2016-06-10 12:45:47,70.202,158.331,211000.0
148,0.0245,0.02438,6473.3054189700015,6455.888750429999,0.024468,0.02452,2016-06-10 12:45:56,54.97,158.331,211000.0
149,0.0245,0.02438,6473.3054189700015,6455.888750429999,0.024478,0.02452,2016-06-10 12:46:05,70.369,158.331,211000.0
150,0.0245,0.02438,6473.3054189700015,6455.888750429999,0.024484,0.02452,2016-06-10 12:46:14,69.094,158.331,211000.0
151,0.0245,0.02438,6473.3054189700015,6455.888750429999,0.024485,0.02452,2016-06-10 12:46:22,54.97,158.331,211000.0
152,0.0245,0.02438,6473.3054189700015,6455.888750429999,0.024485,0.02452,2016-06-10 12:46:31,54.97,158.331,211000.0
153,0.0245,0.02438,6419.25541897,6455.888750429999,0.024413,0.02452,2016-06-10 12:46:40,70.238,158.331,211000.0
154,0.0245,0.02438,6419.25541897,6455.888750429999,0.024414,0.02452,2016-06-10 12:46:48,106.064,158.331,211000.0
155,0.0245,0.02438,6419.25541897,6455.888750429999,0.024425,0.02452,2016-06-10 12:46:58,70.752,158.331,211000.0
156,0.0245,0.02438,6419.25541897,6455.888750429999,0.024431,0.02452,2016-06-10 12:47:07,70.404,158.331,211000.0
157,0.0245,0.02438,6419.25541897,6307.314183629999,0.024432,0.02452,2016-06-10 12:47:17,106.026,158.331,211000.0
158,0.0245,0.02438,6554.934800440002,6563.469750429999,0.024446,0.024519,2016-06-10 12:47:26,70.348,81.62,211000.0
159,0.0245,0.02438,6510.6245404400015,6386.93575043,0.024453,0.024547,2016-06-10 12:47:35,54.97,156.36,211000.0
160,0.0245,0.02438,6594.32454044,6389.00269058,0.024469,0.024547,2016-06-10 12:47:44,70.54,156.36,211000.0
161,0.0245,0.02438,6594.32454044,6395.051123779999,0.024475,0.024546,2016-06-10 12:47:53,70.646,32.755,211000.0
162,0.0245,0.02438,6594.32454044,6395.051123779999,0.024475,0.024545,2016-06-10 12:48:01,70.646,84.79,211000.0
163,0.0245,0.02438,6594.32454044,6395.051123779999,0.024476,0.024545,2016-06-10 12:48:10,54.97,84.79,211000.0
164,0.0245,0.02438,6594.32454044,6396.683084969999,0.024486,0.024543,2016-06-10 12:48:19,70.661,84.79,211000.0
165,0.0245,0.02438,6594.32454044,6396.683084969999,0.024413,0.024543,2016-06-10 12:48:27,51.096,84.79,211000.0
166,0.0245,0.02438,6594.32454044,6395.051123779999,0.024415,0.024531,2016-06-10 12:48:36,51.092,81.33,211000.0
167,0.0245,0.02438,6594.32454044,6395.051123779999,0.024416,0.024525,2016-06-10 12:48:46,54.97,117.51,211000.0
168,0.0245,0.02438,6594.32454044,6395.051123779999,0.024417,0.024519,2016-06-10 12:48:54,51.088,117.51,211000.0
169,0.0245,0.02438,6594.32454044,6395.051123779999,0.024418,0.024513,2016-06-10 12:49:03,54.97,117.51,211000.0
170,0.0245,0.02438,6594.32454044,6395.051123779999,0.024446,0.024507,2016-06-10 12:49:13,105.997,116.55,211000.0
171,0.0245,0.02438,6594.32454044,6395.051123779999,0.024452,0.024501,2016-06-10 12:49:21,54.97,112.98,211000.0
172,0.0245,0.02438,6594.32454044,6395.051123779999,0.024455,0.02449,2016-06-10 12:49:30,54.97,70.584,211000.0
173,0.0245,0.02438,6594.32454044,6395.051123779999,0.02446,0.02449,2016-06-10 12:49:39,70.557,70.584,211000.0
174,0.0245,0.02438,6594.32454044,6395.051123779999,0.024466,0.024491,2016-06-10 12:49:47,54.97,70.501,211000.0
175,0.0245,0.02438,6594.32454044,6395.051123779999,0.024466,0.024544,2016-06-10 12:49:57,54.97,137.89,211000.0
176,0.0245,0.02438,6594.32454044,6395.051123779999,0.024442,0.024538,2016-06-10 12:50:07,21.036,66.83,211000.0
177,0.0245,0.02438,6866.16092618,6395.051123779999,0.024448,0.024538,2016-06-10 12:50:15,70.709,66.83,211000.0
178,0.0245,0.02438,6866.16092618,6395.051123779999,0.024449,0.024538,2016-06-10 12:50:24,54.97,66.83,211000.0
179,0.0245,0.02438,6866.16092618,6395.051123779999,0.024454,0.024538,2016-06-10 12:50:33,70.335,66.83,211000.0
180,0.0245,0.02438,6512.004540440001,6395.051123779999,0.024466,0.024538,2016-06-10 12:50:42,70.159,66.83,211000.0
181,0.0245,0.02438,6512.004540440001,6395.051123779999,0.024467,0.024538,2016-06-10 12:50:50,54.97,66.83,211000.0
182,0.0245,0.02438,6512.004540440001,6395.051123779999,0.024473,0.024538,2016-06-10 12:51:00,54.97,66.83,211000.0
183,0.0245,0.02438,6512.004540440001,6395.051123779999,0.024479,0.024538,2016-06-10 12:51:09,54.97,66.83,211000.0
184,0.0245,0.02438,6512.004540440001,6395.051123779999,0.024484,0.024538,2016-06-10 12:51:18,70.135,66.83,211000.0
185,0.0245,0.02438,6512.004540440001,6395.051123779999,0.024491,0.024538,2016-06-10 12:51:26,54.97,66.83,211000.0
186,0.0245,0.02438,6512.004540440001,6395.051123779999,0.024497,0.024538,2016-06-10 12:51:35,54.97,66.83,211000.0
187,0.0245,0.02439,6266.73454044,6395.051123779999,0.024507,0.024538,2016-06-10 12:51:43,60.437,66.83,211000.0
188,0.0245,0.02439,6566.23454044,6395.051123779999,0.024507,0.024538,2016-06-10 12:51:51,60.437,66.83,211000.0
189,0.0245,0.02439,6876.190926180001,6395.051123779999,0.024507,0.024538,2016-06-10 12:52:00,60.437,66.83,211000.0
190,0.0245,0.0244,6466.9586078600005,6395.051123779999,0.024507,0.024537,2016-06-10 12:52:08,60.437,12.221,211000.0
191,0.0245,0.0244,6511.658607860001,6395.051123779999,0.024507,0.02456,2016-06-10 12:52:17,60.437,12.28,211000.0
192,0.0245,0.0244,6511.617168310002,6395.051123779999,0.024507,0.024559,2016-06-10 12:52:25,60.437,24.37,211000.0
193,0.0245,0.0244,6511.617168310002,6395.051123779999,0.024507,0.024559,2016-06-10 12:52:34,60.437,24.37,211000.0
194,0.0245,0.0244,6511.078265730001,6395.051123779999,0.024507,0.024557,2016-06-10 12:52:43,55.707,24.37,211000.0
195,0.0245,0.0244,6511.078265730001,6395.051123779999,0.024507,0.024557,2016-06-10 12:52:51,55.707,24.37,211000.0
196,0.0245,0.0244,6511.078265730001,6395.051123779999,0.024507,0.024557,2016-06-10 12:52:59,55.707,24.37,211000.0
197,0.0245,0.0244,6511.078265730001,6395.051123779999,0.024507,0.024555,2016-06-10 12:53:08,55.707,20.49,211000.0
198,0.0245,0.0244,6511.078265730001,6387.8511237799985,0.024507,0.024555,2016-06-10 12:53:15,55.707,20.49,211000.0
199,0.0245,0.0244,6499.55826573,6314.381123779999,0.024401,0.024523,2016-06-10 12:53:24,54.97,189.64,211000.0
200,0.0245,0.0244,6394.395660730001,6316.013084969999,0.024406,0.024522,2016-06-10 12:53:32,70.79,2.42,211000.0
201,0.0245,0.0244,6797.740596940001,6314.381123779999,0.024417,0.024522,2016-06-10 12:53:40,70.481,2.42,211000.0
202,0.0245,0.0244,6455.4543312000005,6271.28612378,0.024466,0.024522,2016-06-10 12:53:50,54.97,2.42,211000.0
203,0.0245,0.0244,6454.9543312000005,6317.17112378,0.024472,0.024522,2016-06-10 12:53:59,54.97,2.42,211000.0
204,0.0245,0.02437,6740.30587027,6304.546601689999,0.024411,0.024522,2016-06-10 12:54:09,70.206,2.42,211000.0
205,0.0245,0.02438,6478.3863946500005,6337.611019369999,0.024428,0.024522,2016-06-10 12:54:17,4.048,2.42,211000.0
206,0.0245,0.02438,6478.3863946500005,6337.611019369999,0.024439,0.024522,2016-06-10 12:54:26,70.507,2.42,211000.0
207,0.0245,0.02438,6477.8863946500005,6337.611019369999,0.024446,0.024522,2016-06-10 12:54:34,54.97,2.42,211000.0
208,0.0245,0.02438,6477.8863946500005,6337.611019369999,0.024457,0.024522,2016-06-10 12:54:45,70.346,2.42,211000.0
209,0.0245,0.02438,6438.3863946500005,6337.611019369999,0.024468,0.024522,2016-06-10 12:54:53,70.359,2.42,211000.0
210,0.0245,0.02438,6478.3863946500005,6337.611019369999,0.024468,0.024522,2016-06-10 12:55:02,70.359,2.42,211000.0
211,0.0245,0.02438,6477.8863946500005,6337.611019369999,0.024479,0.024522,2016-06-10 12:55:11,70.772,2.42,211000.0
212,0.0245,0.02438,6492.87639465,6338.653827849999,0.024486,0.024522,2016-06-10 12:55:19,54.97,2.42,211000.0
213,0.0245,0.02438,6532.87639465,6338.653827849999,0.024486,0.024522,2016-06-10 12:55:29,54.97,2.42,211000.0
214,0.0245,0.02438,6477.8863946500005,6338.653827849999,0.024407,0.024522,2016-06-10 12:55:37,70.55,2.42,211000.0
215,0.0245,0.02438,6454.141854110001,6338.653827849999,0.024413,0.024522,2016-06-10 12:55:46,70.274,2.42,211000.0
216,0.0245,0.02438,6454.059404110001,6338.653827849999,0.024419,0.024522,2016-06-10 12:55:57,70.788,2.42,211000.0
217,0.0245,0.02438,6457.520999130002,6335.863827849999,0.02442,0.024523,2016-06-10 12:56:05,60.393,189.64,211000.0
218,0.0245,0.02439,6358.95384314,6202.216647849999,0.024474,0.0246,2016-06-10 12:56:14,54.97,96.46,211000.0
219,0.0245,0.02439,6381.350203830001,6327.245659079999,0.024484,0.0246,2016-06-10 12:56:22,4.032,96.46,211000.0
220,0.0245,0.02441,6380.005816680001,6331.058552279998,0.024495,0.0246,2016-06-10 12:56:31,69.97,96.46,211000.0
221,0.0245,0.02441,6448.891876680002,6331.058552279998,0.024496,0.0246,2016-06-10 12:56:39,54.97,96.46,211000.0
222,0.0245,0.02442,6445.53695168,6331.058552279998,0.024502,0.0246,2016-06-10 12:56:48,54.97,96.46,211000.0
223,0.0245,0.02443,6445.8281247700015,6331.058552279998,0.024512,0.0246,2016-06-10 12:56:57,69.93,96.46,211000.0
224,0.0245,0.02442,6445.88267477,6193.306372279999,0.024512,0.024564,2016-06-10 12:57:07,69.93,186.45,211000.0
225,0.0245,0.02442,6445.88267477,6330.010119079999,0.024512,0.0246,2016-06-10 12:57:16,59.93,96.46,211000.0
226,0.0245,0.02442,6445.88267477,6330.010119079999,0.024512,0.0246,2016-06-10 12:57:26,59.93,96.46,211000.0
227,0.0245,0.02442,6445.88267477,6330.010119079999,0.024512,0.0246,2016-06-10 12:57:34,59.93,96.46,211000.0
228,0.0245,0.02442,6445.88267477,6330.010119079999,0.024512,0.02456,2016-06-10 12:57:43,59.93,177.48,211000.0
229,0.0245,0.02442,6445.88267477,6330.010119079999,0.024512,0.0246,2016-06-10 12:57:52,59.93,96.46,211000.0
230,0.0245,0.02442,6445.88267477,6330.010119079999,0.024512,0.02456,2016-06-10 12:58:03,59.93,179.0,211000.0
231,0.0245,0.02442,6445.88267477,6330.010119079999,0.024512,0.02456,2016-06-10 12:58:11,59.93,179.0,211000.0
232,0.0245,0.02442,6445.88267477,6193.306372279999,0.024512,0.02456,2016-06-10 12:58:20,59.93,179.0,211000.0
233,0.0245,0.02442,6445.516979860002,6331.058552279998,0.024512,0.02456,2016-06-10 12:58:29,59.93,179.0,211000.0
234,0.0245,0.02442,6403.990919860002,6331.058552279998,0.024512,0.0246,2016-06-10 12:58:38,59.93,96.46,211000.0
235,0.0245,0.02444,6467.002539860001,6328.585513469999,0.024512,0.0246,2016-06-10 12:58:46,59.93,96.46,211000.0
236,0.0245,0.02444,6467.085279750001,6329.509072789999,0.024512,0.0246,2016-06-10 12:58:57,59.93,96.46,211000.0
237,0.0245,0.02444,6467.085279750001,6329.509072789999,0.024512,0.0246,2016-06-10 12:59:06,59.93,96.46,211000.0
238,0.0245,0.02444,6475.14407853,6278.59759391,0.024512,0.024563,2016-06-10 12:59:15,59.93,179.52,211000.0
239,0.0245,0.02444,6475.14407853,6278.59759391,0.024512,0.0246,2016-06-10 12:59:23,59.93,96.46,211000.0
240,0.0245,0.02444,6475.14407853,6278.59759391,0.024512,0.0246,2016-06-10 12:59:31,59.93,96.46,211000.0
241,0.0245,0.02444,6450.544078530002,6278.59759391,0.02452,0.0246,2016-06-10 12:59:41,3.185,96.46,211000.0
242,0.0245,0.02444,6607.669468530001,6278.59759391,0.02452,0.0246,2016-06-10 13:00:00,3.185,96.46,211000.0
243,0.0245,0.02444,6608.12812711,6278.59759391,0.024512,0.0246,2016-06-10 13:00:08,59.93,96.46,211000.0
244,0.0245,0.02444,6474.01335024,6278.59759391,0.024512,0.0246,2016-06-10 13:00:17,59.93,96.46,211000.0
245,0.0245,0.02444,6407.35999024,6278.59759391,0.024512,0.0246,2016-06-10 13:00:26,59.93,96.46,211000.0
246,0.0245,0.02444,6473.458760240001,6278.59759391,0.024512,0.0246,2016-06-10 13:00:34,59.93,96.46,211000.0
247,0.0245,0.02444,6473.958760240001,6278.59759391,0.024512,0.0246,2016-06-10 13:00:43,59.93,96.46,211000.0
248,0.0245,0.02444,6473.958760240001,6278.59759391,0.024512,0.0246,2016-06-10 13:00:51,59.93,96.46,211000.0
249,0.0245,0.02444,6469.25876024,6235.502593909999,0.024512,0.024632,2016-06-10 13:00:59,59.93,146.78,211000.0
250,0.0245,0.02444,6433.958760240001,6287.442753359999,0.024512,0.024631,2016-06-10 13:01:08,59.93,19.98,211000.0
251,0.0245,0.02444,6473.958760240001,6283.976017219999,0.024512,0.02463,2016-06-10 13:01:17,58.931,154.777,211000.0
252,0.0245,0.02444,6473.958760240001,6283.976017219999,0.024512,0.024628,2016-06-10 13:01:25,58.931,160.641,211000.0
253,0.0245,0.02444,6473.958760240001,6283.976017219999,0.024512,0.024626,2016-06-10 13:01:35,58.931,167.393,211000.0
254,0.0245,0.02444,6473.958760240001,6283.976017219999,0.024512,0.024626,2016-06-10 13:01:44,58.931,167.393,211000.0
255,0.0245,0.02444,6473.958760240001,6283.976017219999,0.024512,0.024626,2016-06-10 13:01:52,58.931,167.393,211000.0
256,0.0245,0.02444,6473.958760240001,6283.976017219999,0.024512,0.024626,2016-06-10 13:02:01,58.931,167.393,211000.0
257,0.0245,0.02444,6473.958760240001,6283.976017219999,0.024512,0.024626,2016-06-10 13:02:10,58.931,167.393,211000.0
258,0.0245,0.02444,6474.458760240001,6283.976017219999,0.024512,0.024626,2016-06-10 13:02:20,58.931,167.393,211000.0
259,0.0245,0.02444,6474.458760240001,6283.976017219999,0.024512,0.024624,2016-06-10 13:02:29,58.931,138.073,211000.0
260,0.0245,0.02444,6474.458760240001,6283.976017219999,0.024512,0.024622,2016-06-10 13:02:38,58.931,157.975,211000.0
261,0.0245,0.02444,6429.758760240002,6283.976017219999,0.024512,0.02462,2016-06-10 13:02:47,58.931,167.571,211000.0
262,0.0245,0.02444,6473.56816945,6283.976017219999,0.024512,0.024618,2016-06-10 13:02:57,58.931,139.139,211000.0
263,0.0245,0.02445,6473.45748223,6283.976017219999,0.024512,0.024618,2016-06-10 13:03:06,58.931,139.139,211000.0
264,0.0245,0.02446,6438.344323820002,6283.976017219999,0.024512,0.024618,2016-06-10 13:03:15,58.931,139.139,211000.0
265,0.0245,0.02446,6477.563606700001,6283.976017219999,0.024512,0.024618,2016-06-10 13:03:23,58.931,139.139,211000.0
266,0.0245,0.02446,6782.039132950002,6244.398066729999,0.024512,0.024594,2016-06-10 13:03:32,58.931,160.818,211000.0
267,0.0245,0.02446,6529.650417210001,6285.17121022,0.024512,0.024594,2016-06-10 13:03:42,58.931,160.818,211000.0
268,0.0245,0.02445,6536.088129580001,6285.17121022,0.024512,0.024517,2016-06-10 13:03:51,58.931,168.17,211000.0
269,0.0245,0.02445,6680.27888292,6248.367463419999,0.024473,0.024558,2016-06-10 13:03:59,72.828,10.64,211000.0
270,0.0245,0.02445,6685.864101360001,6283.74660461,0.024479,0.024558,2016-06-10 13:04:09,54.97,10.64,211000.0
271,0.0245,0.02445,6685.864101360001,6242.411210219999,0.024494,0.024558,2016-06-10 13:04:18,70.59,10.64,211000.0
272,0.0245,0.02445,6641.66410136,6285.17121022,0.024495,0.024558,2016-06-10 13:04:27,54.97,10.64,211000.0
273,0.0245,0.02445,6685.75410136,6285.17121022,0.024506,0.024558,2016-06-10 13:04:36,70.202,10.64,211000.0
274,0.0245,0.02445,6685.75410136,6285.17121022,0.024506,0.024558,2016-06-10 13:04:45,70.202,10.64,211000.0
275,0.0245,0.0244,6685.86478858,6331.18137134,0.024506,0.024558,2016-06-10 13:04:54,70.202,10.64,211000.0
276,0.0245,0.02441,6564.319508580002,6331.18137134,0.024506,0.024558,2016-06-10 13:05:02,70.202,10.64,211000.0
277,0.0245,0.02441,6564.319508580002,6285.17121022,0.024506,0.024558,2016-06-10 13:05:11,70.202,10.64,211000.0
278,0.0245,0.02441,6564.319508580002,6285.17121022,0.024506,0.024558,2016-06-10 13:05:20,70.202,10.64,211000.0
279,0.0245,0.02441,6513.710308310001,6147.4190302199995,0.024506,0.024558,2016-06-10 13:05:28,70.202,10.64,211000.0
280,0.0245,0.02441,6557.872165280001,6282.40675022,0.024506,0.024558,2016-06-10 13:05:38,70.202,10.64,211000.0
281,0.02449,0.02441,6557.872165280001,6282.40675022,0.024506,0.024558,2016-06-10 13:05:46,70.202,10.64,211000.0
282,0.02449,0.02441,6557.872165280001,6282.40675022,0.024506,0.024558,2016-06-10 13:05:55,70.202,10.64,211000.0
283,0.02449,0.02441,6513.672165280001,6282.070310219999,0.024506,0.024558,2016-06-10 13:06:03,70.202,10.64,211000.0
284,0.02449,0.02441,6553.172165280001,6282.70675022,0.024506,0.024558,2016-06-10 13:06:11,70.202,10.64,211000.0
285,0.02449,0.02441,6557.872165280001,6242.80675022,0.024506,0.024558,2016-06-10 13:06:20,70.202,10.64,211000.0
286,0.02449,0.02441,6557.872165280001,6238.80293886,0.024506,0.024559,2016-06-10 13:06:28,70.202,19.58,211000.0
287,0.02449,0.02441,6984.18664666,6098.36217342,0.024512,0.024618,2016-06-10 13:06:37,70.263,190.039,211000.0
288,0.02449,0.02441,6944.186646660002,6274.965920219999,0.024512,0.024618,2016-06-10 13:06:45,70.263,170.059,211000.0
289,0.02449,0.02441,6948.368976660002,6274.965920219999,0.024513,0.024618,2016-06-10 13:06:54,334.79,170.059,211000.0
290,0.02449,0.02441,6984.049666660001,6274.965920219999,0.024518,0.024616,2016-06-10 13:07:03,69.991,172.369,211000.0
291,0.02449,0.02441,6984.049666660001,6274.965920219999,0.024506,0.024614,2016-06-10 13:07:13,69.929,171.303,211000.0
292,0.02449,0.02441,6984.049666660001,6274.965920219999,0.024519,0.024614,2016-06-10 13:07:22,158.17,171.303,211000.0
293,0.02449,0.02442,6580.58328092,6274.965920219999,0.024559,0.024614,2016-06-10 13:07:31,7.358,171.303,211000.0
294,0.02449,0.02443,6572.15873986,6274.965920219999,0.024506,0.024559,2016-06-10 13:07:40,69.929,10.602,211000.0
295,0.02449,0.02443,6572.15873986,6274.965920219999,0.024506,0.024559,2016-06-10 13:07:49,69.929,10.602,211000.0
296,0.02449,0.02443,6982.0466481,6274.965920219999,0.024512,0.024559,2016-06-10 13:07:58,70.45,10.602,211000.0
297,0.02449,0.02443,6982.0466481,6275.0659202199995,0.024512,0.024559,2016-06-10 13:08:07,70.45,10.602,211000.0
298,0.02449,0.02443,6982.0466481,6276.114353419999,0.024512,0.024559,2016-06-10 13:08:16,70.45,10.602,211000.0
299,0.02449,0.02443,6982.0466481,6276.114353419999,0.024512,0.024559,2016-06-10 13:08:25,70.45,252.067,211000.0
300,0.02449,0.02443,6982.0466481,6276.114353419999,0.024512,0.024559,2016-06-10 13:08:34,70.45,252.067,211000.0
301,0.02449,0.02443,6982.0466481,6276.114353419999,0.024512,0.024559,2016-06-10 13:08:42,70.45,252.067,211000.0
302,0.02449,0.02443,6982.0466481,6276.114353419999,0.024512,0.024559,2016-06-10 13:08:52,70.45,252.067,211000.0
303,0.02449,0.02443,6982.0466481,6276.114353419999,0.024523,0.024559,2016-06-10 13:09:02,70.534,252.067,211000.0
304,0.02449,0.02443,6982.0466481,6276.114353419999,0.024511,0.024559,2016-06-10 13:09:12,70.111,252.067,211000.0
305,0.02449,0.02443,6982.0466481,6277.746314609999,0.024511,0.024559,2016-06-10 13:09:21,70.111,252.067,211000.0
306,0.02449,0.02443,6982.0466481,6276.114353419999,0.024511,0.024559,2016-06-10 13:09:30,70.111,252.067,211000.0
307,0.02449,0.02443,6982.0466481,6276.114353419999,0.024511,0.024559,2016-06-10 13:09:39,70.111,252.067,211000.0
308,0.02449,0.02443,6982.0466481,6276.114353419999,0.024511,0.024559,2016-06-10 13:09:47,70.111,252.067,211000.0
309,0.02449,0.02443,6982.0466481,6276.114353419999,0.024511,0.024559,2016-06-10 13:09:55,70.111,252.067,211000.0
310,0.02449,0.02443,6982.0466481,6276.114353419999,0.024511,0.024559,2016-06-10 13:10:03,70.111,252.067,211000.0
311,0.02449,0.02443,6982.0466481,6276.114353419999,0.024511,0.024559,2016-06-10 13:10:12,70.111,252.067,211000.0
312,0.02449,0.02443,6982.0466481,6276.114353419999,0.024511,0.024559,2016-06-10 13:10:21,70.111,252.067,211000.0
313,0.02449,0.02443,6982.0466481,6276.114353419999,0.024511,0.024559,2016-06-10 13:10:31,70.111,252.067,211000.0
314,0.02449,0.02443,6982.0466481,6276.114353419999,0.024511,0.024559,2016-06-10 13:10:40,70.111,252.067,211000.0
315,0.02449,0.02443,6982.0466481,6276.114353419999,0.024519,0.024559,2016-06-10 13:10:49,70.454,252.067,211000.0
316,0.02449,0.02443,6981.8128481,6276.114353419999,0.024519,0.024559,2016-06-10 13:10:59,70.454,252.067,211000.0
317,0.02449,0.02443,6981.8128481,6276.114353419999,0.024506,0.024559,2016-06-10 13:11:08,70.458,252.067,211000.0
318,0.02449,0.02443,6981.8128481,6276.114353419999,0.024511,0.024559,2016-06-10 13:11:18,70.059,252.067,211000.0
319,0.02449,0.02443,6981.8128481,6276.114353419999,0.024511,0.024559,2016-06-10 13:11:27,70.059,252.067,211000.0
320,0.02449,0.02443,6981.8128481,6276.114353419999,0.024511,0.024559,2016-06-10 13:11:35,70.059,252.067,211000.0
321,0.02449,0.02443,6981.8128481,6276.114353419999,0.024511,0.024559,2016-06-10 13:11:43,70.059,252.067,211000.0
322,0.02449,0.02443,6981.8128481,6276.114353419999,0.024511,0.024559,2016-06-10 13:11:52,70.059,252.067,211000.0
323,0.02449,0.02443,6981.8128481,6276.114353419999,0.024511,0.024559,2016-06-10 13:12:00,70.059,252.067,211000.0
324,0.02449,0.02443,6981.8128481,6276.114353419999,0.024511,0.024559,2016-06-10 13:12:09,70.059,252.067,211000.0
325,0.02449,0.02443,6572.606348700001,6276.114353419999,0.024511,0.024559,2016-06-10 13:12:18,70.059,252.067,211000.0
326,0.02449,0.02443,6910.314186030002,6276.114353419999,0.024511,0.024559,2016-06-10 13:12:26,70.059,252.067,211000.0
327,0.02449,0.02443,6915.014186030001,6275.0659202199995,0.024511,0.024559,2016-06-10 13:12:35,70.059,252.067,211000.0
328,0.02449,0.02443,6572.56321029,6275.0659202199995,0.024511,0.024559,2016-06-10 13:12:43,70.059,252.067,211000.0
329,0.02449,0.02443,6572.56321029,6237.21374022,0.024511,0.024559,2016-06-10 13:12:51,70.059,252.067,211000.0
330,0.02449,0.02443,6572.56321029,6275.0659202199995,0.024511,0.024559,2016-06-10 13:12:59,70.059,252.067,211000.0
331,0.02449,0.02443,6572.56321029,6275.0659202199995,0.024511,0.024559,2016-06-10 13:13:08,70.059,252.067,211000.0
332,0.02449,0.02443,6572.56321029,6275.0659202199995,0.024511,0.024559,2016-06-10 13:13:16,70.059,252.067,211000.0
333,0.02449,0.02443,6572.56321029,6275.0659202199995,0.024511,0.024559,2016-06-10 13:13:24,70.059,252.067,211000.0
334,0.02449,0.02443,6572.56321029,6140.178000219999,0.024511,0.024559,2016-06-10 13:13:32,70.059,252.067,211000.0
335,0.02449,0.02443,6572.56321029,6275.0659202199995,0.024511,0.024559,2016-06-10 13:13:40,70.059,241.465,211000.0
336,0.02449,0.02443,6572.56321029,6275.0659202199995,0.024511,0.024559,2016-06-10 13:13:48,70.059,241.465,211000.0
337,0.02449,0.02443,6505.856686630001,6275.0659202199995,0.024511,0.024558,2016-06-10 13:13:56,70.059,3.41,211000.0
338,0.02449,0.02443,6551.186503110001,6176.2143534199995,0.024511,0.024558,2016-06-10 13:14:05,70.059,3.41,211000.0
339,0.02449,0.02444,6551.194636350001,6276.114353419999,0.024511,0.024558,2016-06-10 13:14:14,70.059,3.41,211000.0
340,0.02449,0.02444,6535.062893940001,6279.465491399999,0.024511,0.024558,2016-06-10 13:14:22,68.867,3.41,211000.0
341,0.02449,0.02437,6943.252008370002,6279.465491399999,0.024501,0.024556,2016-06-10 13:14:31,29.284,5.62,211000.0
342,0.02449,0.02434,6940.291008860002,6399.999347729999,0.024401,0.024467,2016-06-10 13:14:39,2.219,29.29,211000.0
343,0.02449,0.02435,6938.353745780001,6317.09995334,0.024401,0.024467,2016-06-10 13:14:47,2.219,29.29,211000.0
344,0.02449,0.02436,6942.302085000001,6141.701206539999,0.024405,0.024444,2016-06-10 13:14:56,70.863,160.06,211000.0
345,0.02449,0.02438,6855.468779260002,6275.348386539999,0.024407,0.024444,2016-06-10 13:15:05,30.794,160.06,211000.0
346,0.02449,0.02438,6943.435061680002,6279.453386539999,0.024408,0.024444,2016-06-10 13:15:14,2.219,160.06,211000.0
347,0.02449,0.0244,6943.014904290001,6279.453386539999,0.02441,0.024444,2016-06-10 13:15:23,2.219,160.06,211000.0
348,0.02449,0.02439,6939.134310200001,6274.29995334,0.02441,0.024444,2016-06-10 13:15:32,2.219,160.06,211000.0
349,0.02449,0.02439,6938.741216380002,6274.29995334,0.024412,0.024444,2016-06-10 13:15:41,2.219,157.552,211000.0
350,0.02448,0.02435,7224.9713769300015,6274.878150439999,0.0244,0.02441,2016-06-10 13:15:49,0.5,34.5,211000.0
351,0.02449,0.02434,6944.741142330002,6134.576990679999,0.0244,0.024406,2016-06-10 13:15:58,0.5,136.579,211000.0
352,0.02449,0.02434,6516.485584030001,6283.67036606,0.024396,0.024406,2016-06-10 13:16:06,51.132,136.579,211000.0
353,0.02448,0.02434,6516.485584030001,6283.67036606,0.024396,0.024497,2016-06-10 13:16:16,51.132,3.68,211000.0
354,0.02447,0.02434,6519.552508760002,6144.86975286,0.024365,0.024395,2016-06-10 13:16:24,51.197,213.17,211000.0
355,0.02448,0.02434,6518.66091004,6240.575366059999,0.024366,0.024395,2016-06-10 13:16:33,1.67,213.17,211000.0
356,0.02448,0.02434,6852.772379240001,6262.733241689999,0.024367,0.024395,2016-06-10 13:16:44,51.193,213.17,211000.0
357,0.02446,0.02434,6881.749809180001,6257.57980849,0.024378,0.024497,2016-06-10 13:16:53,51.169,3.68,211000.0
358,0.02446,0.02434,6881.749809590001,6231.379690059999,0.024384,0.02451,2016-06-10 13:17:02,51.157,12.309,211000.0
359,0.02449,0.02435,7214.017245770001,6256.681770329999,0.024385,0.024549,2016-06-10 13:17:12,84.869,143.759,211000.0
360,0.02449,0.02435,7244.544436800001,6256.681770329999,0.024413,0.024549,2016-06-10 13:17:21,70.08,143.759,211000.0
361,0.02449,0.02435,7214.357931280001,6256.681770329999,0.024391,0.024549,2016-06-10 13:17:29,70.734,143.759,211000.0
362,0.02449,0.02434,7281.1756012900005,6258.57677033,0.024402,0.024549,2016-06-10 13:17:38,70.359,164.774,211000.0
363,0.02449,0.02434,7054.878432290001,6258.57677033,0.024409,0.024549,2016-06-10 13:17:46,70.685,164.774,211000.0
364,0.02449,0.02434,7304.378432470001,6258.57677033,0.024395,0.024549,2016-06-10 13:17:55,4.289,164.774,211000.0
365,0.02449,0.02434,7304.378432470001,6258.57677033,0.024424,0.024549,2016-06-10 13:18:05,70.355,164.774,211000.0
366,0.02449,0.02434,7304.378432470001,6258.57677033,0.024429,0.024549,2016-06-10 13:18:14,70.485,164.774,211000.0
367,0.02449,0.02434,7304.378432310001,6258.57677033,0.024395,0.024549,2016-06-10 13:18:23,25.32,164.774,211000.0
368,0.02449,0.02434,7304.378432400001,6258.57677033,0.024405,0.024549,2016-06-10 13:18:31,70.249,164.774,211000.0
369,0.02449,0.02434,7304.378432310001,6258.57677033,0.024395,0.024549,2016-06-10 13:18:40,25.317,164.774,211000.0
370,0.02449,0.02434,7140.390379440001,6270.915980069999,0.024405,0.024549,2016-06-10 13:18:48,70.58,164.774,211000.0
371,0.02449,0.02434,7004.10509838,6269.87965177,0.024395,0.024549,2016-06-10 13:18:56,25.317,164.774,211000.0
372,0.02449,0.02434,7004.600515100001,6269.87965177,0.024395,0.024549,2016-06-10 13:19:05,4.289,164.774,211000.0
373,0.02449,0.02434,7006.6726795800005,6290.5435580799995,0.0244,0.024547,2016-06-10 13:19:14,70.251,175.568,211000.0
374,0.02448,0.02434,7006.67268003,6290.5435580799995,0.024405,0.024539,2016-06-10 13:19:24,70.24,165.794,211000.0
375,0.02448,0.02434,7006.672679660001,6290.5435580799995,0.024395,0.024537,2016-06-10 13:19:33,4.289,172.547,211000.0
376,0.02448,0.02434,7030.30919163,6291.641112319999,0.024395,0.024529,2016-06-10 13:19:42,25.331,146.425,211000.0
377,0.02448,0.02434,6915.767022760001,6289.268973509999,0.0244,0.024527,2016-06-10 13:19:50,70.757,168.993,211000.0
378,0.02448,0.02434,7013.881933550001,6289.268973509999,0.024395,0.024527,2016-06-10 13:19:59,25.331,168.993,211000.0
379,0.02448,0.02434,7013.881933160001,6291.641112319999,0.024415,0.024525,2016-06-10 13:20:08,70.643,151.223,211000.0
380,0.02447,0.02434,6947.2419344300015,6288.916112319999,0.02442,0.024518,2016-06-10 13:20:19,70.374,20.74,211000.0
381,0.02446,0.02434,6983.2649533,6288.916112319999,0.024411,0.024498,2016-06-10 13:20:27,70.265,5.4,211000.0
382,0.02446,0.02434,6870.9988811600015,6195.20198379,0.024395,0.024497,2016-06-10 13:20:37,4.289,33.377,211000.0
383,0.02446,0.02434,6572.12869238,6267.6040640599995,0.024395,0.024486,2016-06-10 13:20:45,4.289,70.297,211000.0
384,0.02444,0.02434,6572.13337329,6323.003164059999,0.024395,0.024483,2016-06-10 13:20:53,9.993,157.62,211000.0
385,0.02444,0.02434,6572.27880355,6322.858813879999,0.024395,0.02447,2016-06-10 13:21:02,9.993,12.336,211000.0
386,0.02444,0.02434,6572.27880349,6322.858813879999,0.024395,0.024464,2016-06-10 13:21:11,9.993,70.575,211000.0
387,0.02444,0.02434,6571.21330096,6322.858813879999,0.024395,0.024458,2016-06-10 13:21:19,4.289,70.225,211000.0
388,0.02444,0.02434,6572.29840668,6246.01609882,0.024361,0.024447,2016-06-10 13:21:30,70.715,70.456,211000.0
389,0.02447,0.02433,6971.403847400001,6227.98816793,0.024362,0.024447,2016-06-10 13:21:38,5.909,70.456,211000.0
390,0.02447,0.02433,7000.154381100001,6227.98816793,0.024362,0.024447,2016-06-10 13:21:47,5.909,70.456,211000.0
391,0.02447,0.02433,6962.724731900002,6227.98816793,0.024363,0.024447,2016-06-10 13:21:56,51.201,70.456,211000.0
392,0.02447,0.02433,7018.372644660001,6227.98816793,0.024368,0.024447,2016-06-10 13:22:04,70.46,70.456,211000.0
393,0.02447,0.02433,6916.61812549,6227.98816793,0.024388,0.024447,2016-06-10 13:22:13,70.811,70.456,211000.0
394,0.02446,0.02433,6950.680186050002,6227.98816793,0.024394,0.024447,2016-06-10 13:22:21,70.655,70.456,211000.0
395,0.02447,0.02433,6915.00263581,6138.92660113,0.024395,0.024447,2016-06-10 13:22:30,51.134,70.456,211000.0
396,0.02447,0.02433,7029.892955810001,6227.98816793,0.0244,0.024447,2016-06-10 13:22:39,70.41,70.456,211000.0
397,0.02446,0.02433,6949.8776049100015,6229.17816793,0.0244,0.024447,2016-06-10 13:22:48,5.701,70.456,211000.0
398,0.02446,0.02433,7000.5674851700005,6229.17816793,0.024363,0.02444,2016-06-10 13:22:57,51.201,3.51,211000.0
399,0.02446,0.02433,6998.974305420001,6227.98816793,0.0244,0.024441,2016-06-10 13:23:06,21.038,70.493,211000.0
400,0.02446,0.02433,6949.677815970001,6060.654373529999,0.024337,0.024345,2016-06-10 13:28:13,0.332,70.841,211000.0
401,0.02447,0.0243,7010.1103636200005,6470.996940329999,0.024312,0.024379,2016-06-10 13:28:25,51.308,4.449,211000.0
402,0.02445,0.0243,7008.435541600002,6358.391040329999,0.024311,0.024379,2016-06-10 13:28:34,51.31,4.449,211000.0
403,0.02444,0.0243,6951.192051590002,6208.10594033,0.024311,0.024379,2016-06-10 13:28:42,51.31,4.449,211000.0
404,0.02449,0.0243,6950.887944550002,6234.36367903,0.024379,0.024449,2016-06-10 13:28:50,0.001,153.177,211000.0
405,0.02448,0.0243,6950.764359850002,6324.907763159999,0.024379,0.024422,2016-06-10 13:28:58,0.001,70.92,211000.0
406,0.02447,0.0243,6901.264938120003,6478.427679029998,0.024379,0.024422,2016-06-10 13:29:06,0.001,70.92,211000.0
407,0.02446,0.0243,6901.264938120003,6388.7517631599985,0.024379,0.024422,2016-06-10 13:29:15,0.001,70.92,211000.0
408,0.02447,0.0243,6492.092674610001,6459.980642269998,0.024379,0.024422,2016-06-10 13:29:24,0.001,70.92,211000.0
409,0.02447,0.0243,6492.160923990001,6455.875642269998,0.024379,0.024422,2016-06-10 13:29:32,0.001,70.92,211000.0
410,0.02447,0.0243,6492.160923950001,6460.980642269998,0.024379,0.024422,2016-06-10 13:29:41,0.001,70.92,211000.0
411,0.02447,0.0243,6510.160923950001,6460.980642269998,0.024379,0.024422,2016-06-10 13:29:50,0.001,70.92,211000.0
412,0.02447,0.0243,6510.160923950001,6476.107313129998,0.024379,0.024422,2016-06-10 13:29:59,0.001,70.92,211000.0
413,0.02446,0.0243,6909.256268450003,6342.624297569999,0.024379,0.024421,2016-06-10 13:30:07,0.001,1.81,211000.0
414,0.02445,0.0243,6909.303748450002,6342.624297569999,0.024379,0.024421,2016-06-10 13:30:16,0.001,1.81,211000.0
415,0.02445,0.0243,6909.303748450002,6340.151258759999,0.024379,0.024421,2016-06-10 13:30:24,0.001,1.81,211000.0
416,0.02445,0.0243,6893.137915780002,6340.151258759999,0.024379,0.024421,2016-06-10 13:30:34,0.001,1.81,211000.0
417,0.02445,0.0243,6818.004619510002,6338.519297569999,0.024379,0.024421,2016-06-10 13:30:43,0.001,1.81,211000.0
418,0.02445,0.0243,6909.332119510002,6342.624297569999,0.024379,0.024421,2016-06-10 13:30:52,0.001,1.81,211000.0
419,0.02445,0.0243,6909.332119510002,6342.624297569999,0.024379,0.024421,2016-06-10 13:31:01,0.001,1.81,211000.0
420,0.02445,0.0243,6909.332119510002,6342.624297569999,0.024379,0.024421,2016-06-10 13:31:10,0.001,1.81,211000.0
421,0.02445,0.0243,6940.366258650001,6342.624297569999,0.024379,0.024421,2016-06-10 13:31:19,0.001,1.81,211000.0
422,0.02445,0.02431,6930.085885710003,6308.125182639999,0.024379,0.024421,2016-06-10 13:31:28,0.001,1.81,211000.0
423,0.02445,0.0243,6930.1200810300015,6308.125182639999,0.024379,0.024421,2016-06-10 13:31:36,0.001,1.81,211000.0
424,0.02445,0.02431,6930.120080780001,6308.125182639999,0.024379,0.024421,2016-06-10 13:31:45,0.001,1.81,211000.0
425,0.02445,0.02435,6900.309394920003,6308.125182639999,0.024379,0.024421,2016-06-10 13:31:54,0.001,1.81,211000.0
426,0.02445,0.02435,6857.232078830002,6308.125182639999,0.024379,0.024421,2016-06-10 13:32:02,0.001,1.81,211000.0
427,0.02445,0.02435,6900.309394470003,6307.07674944,0.024379,0.024421,2016-06-10 13:32:11,0.001,1.81,211000.0
428,0.02445,0.02435,6900.309394590002,6308.125182639999,0.024379,0.024421,2016-06-10 13:32:20,0.001,1.81,211000.0
429,0.02445,0.02433,6930.085885810002,6308.125182639999,0.024379,0.024421,2016-06-10 13:32:29,0.001,1.81,211000.0
430,0.02445,0.02435,6900.305394470002,6308.125182639999,0.024379,0.024421,2016-06-10 13:32:39,0.001,1.81,211000.0
431,0.02445,0.02435,6900.305394590003,6308.125182639999,0.024379,0.024421,2016-06-10 13:32:47,0.001,1.81,211000.0
432,0.02445,0.02435,6857.228053580002,6308.125182639999,0.024379,0.024421,2016-06-10 13:32:56,0.001,1.81,211000.0
433,0.02445,0.02435,6900.305394710002,6308.125182639999,0.024379,0.024421,2016-06-10 13:33:04,0.001,1.81,211000.0
434,0.02445,0.02431,6930.0858857500025,6307.07674944,0.024379,0.024421,2016-06-10 13:33:12,0.001,1.81,211000.0
435,0.02435,0.02431,6930.120081050003,6307.07774944,0.024379,0.024421,2016-06-10 13:33:20,0.001,1.81,211000.0
436,0.02435,0.02431,6930.120080920002,6307.07774944,0.024379,0.024421,2016-06-10 13:33:29,0.001,1.81,211000.0
437,0.02435,0.02431,6930.120081180003,6307.07774944,0.024379,0.024421,2016-06-10 13:33:38,0.001,1.81,211000.0
438,0.02435,0.02431,6930.120081180003,6307.07774944,0.024379,0.024421,2016-06-10 13:33:46,0.001,1.81,211000.0
439,0.02435,0.02435,6900.455081180002,6308.40048264,0.024379,0.024421,2016-06-10 13:33:54,0.001,1.81,211000.0
440,0.02445,0.02435,6900.455081070002,6308.40048264,0.024379,0.024421,2016-06-10 13:34:03,0.001,1.81,211000.0
441,0.02445,0.02431,6930.085885440003,6308.40048264,0.024379,0.024421,2016-06-10 13:34:12,0.001,1.81,211000.0
442,0.02445,0.02431,6930.085885310002,6308.40048264,0.024379,0.024421,2016-06-10 13:34:21,0.001,1.81,211000.0
443,0.02445,0.02431,6930.085885580002,6308.40048264,0.024379,0.024421,2016-06-10 13:34:29,0.001,1.81,211000.0
444,0.02445,0.02435,6900.255885550003,6308.733282639999,0.024379,0.024421,2016-06-10 13:34:38,0.001,1.81,211000.0
445,0.02445,0.02435,6900.255885720002,6307.684849439999,0.024379,0.024421,2016-06-10 13:34:47,0.001,1.81,211000.0
446,0.02445,0.02435,6900.255885580002,6308.733282639999,0.024379,0.024421,2016-06-10 13:34:56,0.001,1.81,211000.0
447,0.02445,0.02435,6900.255885640003,6308.733282639999,0.024379,0.024421,2016-06-10 13:35:05,0.001,1.81,211000.0
448,0.02445,0.02435,6785.128385550002,6308.125182639999,0.024379,0.024421,2016-06-10 13:35:14,0.001,1.81,211000.0
449,0.02445,0.02435,6900.303445710002,6309.79528264,0.024231,0.024465,2016-06-10 13:35:24,84.29,0.06,211000.0
450,0.02445,0.02435,6491.021989930003,6308.74684944,0.024234,0.024463,2016-06-10 13:35:33,43.617,141.627,211000.0
451,0.02445,0.02435,6482.938067380002,6306.390243829999,0.024235,0.024452,2016-06-10 13:35:42,5.04,70.854,211000.0
452,0.02445,0.02435,6900.303444900002,6308.86328264,0.024235,0.024441,2016-06-10 13:35:50,13.653,70.964,211000.0
453,0.02445,0.0243,6934.5241569200025,6321.3541138,0.024237,0.024404,2016-06-10 13:35:59,84.38,71.41,211000.0
454,0.02445,0.02435,6904.695156920003,6321.9618138,0.024325,0.024405,2016-06-10 13:36:08,8.613,70.812,211000.0
455,0.02445,0.02435,6917.695156920003,6322.010246999999,0.024325,0.024405,2016-06-10 13:36:16,8.613,70.812,211000.0
456,0.02444,0.02435,6958.695156760003,6180.3078138,0.024325,0.024394,2016-06-10 13:36:25,8.613,70.782,211000.0
457,0.02442,0.02435,6549.008771020002,6323.1938138,0.024326,0.024393,2016-06-10 13:36:33,43.452,170.059,211000.0
458,0.02441,0.0243,6548.801717220002,6322.5861138,0.024233,0.024387,2016-06-10 13:36:41,91.61,153.177,211000.0
459,0.02441,0.02435,6548.164664620002,6339.439304479999,0.02424,0.024387,2016-06-10 13:36:51,3.185,153.177,211000.0
460,0.0244,0.02435,6501.464664620002,6337.83930448,0.024246,0.024379,2016-06-10 13:36:59,71.124,17.44,211000.0
461,0.02448,0.02435,6990.351069090002,6262.02920448,0.024374,0.02438,2016-06-10 13:37:08,53.049,128.0,211000.0
462,0.02447,0.02435,6958.8262490900015,6352.038304479999,0.024375,0.02438,2016-06-10 13:37:16,43.364,64.0,211000.0
463,0.02447,0.0243,6988.586887240002,6351.430604479999,0.02438,0.024465,2016-06-10 13:37:25,70.613,0.06,211000.0
464,0.02447,0.02435,6475.7115115000015,6052.038304479999,0.024381,0.02442,2016-06-10 13:37:33,53.049,459.8,211000.0
465,0.02447,0.02435,6434.491511440001,6052.038304479999,0.024381,0.02442,2016-06-10 13:37:41,123.772,459.8,211000.0
466,0.02447,0.02435,6548.524021440002,6352.038304479999,0.024383,0.024465,2016-06-10 13:37:49,53.049,0.06,211000.0
467,0.02447,0.02435,6548.524021440002,6347.93330448,0.024388,0.02439,2016-06-10 13:37:58,70.343,119.8,211000.0
468,0.02447,0.0243,6667.974772200001,6351.430604479999,0.024389,0.02439,2016-06-10 13:38:06,96.388,119.8,211000.0
469,0.02447,0.02435,6549.373033660002,6352.038304479999,0.024261,0.024415,2016-06-10 13:38:15,110.067,70.72,211000.0
470,0.02447,0.02435,6549.373033660002,6317.53918954,0.024271,0.024385,2016-06-10 13:38:23,43.55,70.639,211000.0
471,0.02447,0.02435,6549.373033660002,6317.53918954,0.024276,0.024385,2016-06-10 13:38:32,91.891,70.639,211000.0
472,0.02447,0.02435,6549.37303357,6316.931489539999,0.024277,0.024385,2016-06-10 13:38:40,96.588,70.639,211000.0
473,0.02446,0.0243,6549.303784790001,6398.569656339999,0.024282,0.024385,2016-06-10 13:38:48,70.731,70.639,211000.0
474,0.02445,0.02435,6549.324603540001,6331.05965634,0.024287,0.024385,2016-06-10 13:38:57,70.615,70.639,211000.0
475,0.02444,0.02435,6549.372033540001,6331.05965634,0.024288,0.024385,2016-06-10 13:39:05,131.34,70.639,211000.0
476,0.02444,0.02435,6509.372033540001,6241.9980895399995,0.024299,0.024385,2016-06-10 13:39:13,96.549,70.639,211000.0
477,0.02444,0.02435,6502.1720335400005,6331.05965634,0.024304,0.024385,2016-06-10 13:39:21,70.957,70.639,211000.0
478,0.02444,0.0243,6957.9557816000015,6331.05965634,0.024384,0.02439,2016-06-10 13:39:30,21.052,119.8,211000.0
479,0.02444,0.02435,6550.035385710002,6331.05965634,0.024356,0.02439,2016-06-10 13:39:39,21.052,119.8,211000.0
480,0.02444,0.02435,6550.0353856,6331.05965634,0.024357,0.02438,2016-06-10 13:39:47,96.445,225.8,211000.0
481,0.02446,0.02435,6550.0353856,6331.05965634,0.024367,0.02438,2016-06-10 13:39:55,117.479,459.8,211000.0
482,0.02446,0.02435,6550.0353856,6331.05965634,0.024367,0.02438,2016-06-10 13:40:03,21.052,71.456,211000.0
483,0.02445,0.0243,6549.784035490002,6505.236837649998,0.024367,0.02438,2016-06-10 13:40:11,21.052,71.456,211000.0
484,0.02445,0.02435,6435.427897560001,6505.834137649998,0.024368,0.02438,2016-06-10 13:40:20,96.426,71.456,211000.0
485,0.02444,0.02435,6550.602957530002,6487.176137649998,0.024369,0.02438,2016-06-10 13:40:29,53.049,71.456,211000.0
486,0.02444,0.02435,6550.602957530002,6487.176137649998,0.024283,0.02438,2016-06-10 13:40:38,96.577,411.456,211000.0
487,0.02444,0.02435,6534.742957530001,6487.176137649998,0.024288,0.02438,2016-06-10 13:40:46,96.569,411.456,211000.0
488,0.02444,0.0243,6827.551283270002,6486.578837649999,0.024354,0.02438,2016-06-10 13:40:57,21.059,411.456,211000.0
489,0.02443,0.02435,6453.355978160001,6488.080888909998,0.024355,0.02438,2016-06-10 13:41:06,96.449,411.456,211000.0
490,0.02442,0.02435,6453.355978160001,6338.652888909999,0.024355,0.02438,2016-06-10 13:41:14,21.059,411.456,211000.0
491,0.02442,0.02435,6453.355978160001,6338.652888909999,0.024355,0.02438,2016-06-10 13:41:22,21.059,411.456,211000.0
492,0.02442,0.02435,6418.563897810001,6334.574815479999,0.024228,0.02438,2016-06-10 13:41:30,606.119,411.456,211000.0
493,0.02442,0.02431,6432.645434490001,6410.258364919999,0.024234,0.024379,2016-06-10 13:41:40,75.402,71.55,211000.0
494,0.02442,0.02435,6533.6249636500015,6410.258364919999,0.024239,0.024379,2016-06-10 13:41:48,70.652,71.55,211000.0
495,0.02442,0.02435,6534.402550320001,6173.20591335,0.024363,0.02438,2016-06-10 13:41:56,21.06,411.456,211000.0
496,0.02443,0.02435,6533.571502560002,6432.723013349999,0.024364,0.02438,2016-06-10 13:42:03,43.384,340.0,211000.0
497,0.02443,0.02435,6545.5720026200015,6260.88337893,0.024288,0.02438,2016-06-10 13:42:13,168.35,411.5,211000.0
498,0.02443,0.02436,6401.356184580001,6256.0144749599995,0.024338,0.02438,2016-06-10 13:42:22,21.044,411.5,211000.0
499,0.02443,0.02436,6513.106548910002,6261.41836306,0.024344,0.024465,2016-06-10 13:42:30,43.419,0.06,211000.0
500,0.02443,0.02437,6722.496595780001,6312.155430079999,0.02427,0.024321,2016-06-10 13:42:40,12.296,330.808,211000.0
501,0.02442,0.02435,6974.636852490001,6232.644961110001,0.024228,0.024321,2016-06-10 13:42:49,128.47,50.714,211000.0
502,0.02445,0.0243,6557.881893350001,6340.937200609999,0.024239,0.024321,2016-06-10 13:42:59,70.924,50.714,211000.0
503,0.02443,0.0243,6557.881893350001,6298.989642699999,0.02424,0.024321,2016-06-10 13:43:07,43.606,50.714,211000.0
504,0.02443,0.02435,6565.780893290001,6298.989642699999,0.024256,0.024321,2016-06-10 13:43:16,70.675,50.714,211000.0
505,0.02443,0.02435,6566.280893250001,6245.87890654,0.024257,0.024321,2016-06-10 13:43:24,43.575,50.714,211000.0
506,0.02443,0.02435,6566.280893250001,6295.84466696,0.024262,0.024321,2016-06-10 13:43:32,71.118,50.714,211000.0
507,0.02443,0.02435,6566.280893250001,6316.3947610099995,0.024268,0.024321,2016-06-10 13:43:42,70.911,50.714,211000.0
508,0.02443,0.0243,6520.881893250002,6314.75552781,0.024275,0.024321,2016-06-10 13:43:51,43.543,50.714,211000.0
509,0.02441,0.02435,6566.280893250001,6186.52811258,0.024285,0.024321,2016-06-10 13:44:03,70.767,50.714,211000.0
510,0.02441,0.02435,6566.280893250001,6100.6240125799995,0.024286,0.024321,2016-06-10 13:44:11,43.523,50.714,211000.0
511,0.02445,0.02435,6573.30224508,6202.819766039999,0.024286,0.02438,2016-06-10 13:44:21,32.566,411.5,211000.0
512,0.02444,0.0243,6574.700607530001,6258.86283492,0.024291,0.02437,2016-06-10 13:44:30,70.764,7.5,211000.0
513,0.02444,0.02435,6575.384607530001,6349.466834919999,0.024302,0.02437,2016-06-10 13:44:39,70.841,71.5,211000.0
514,0.02444,0.02435,6535.913010270002,6349.466834919999,0.024308,0.02438,2016-06-10 13:44:48,70.759,340.0,211000.0
515,0.02444,0.02435,6575.91301027,6349.466834919999,0.024308,0.02436,2016-06-10 13:44:57,70.759,71.5,211000.0
516,0.02444,0.02435,6575.91301027,6349.466834919999,0.024308,0.02436,2016-06-10 13:45:06,70.759,71.5,211000.0
517,0.02444,0.0243,6983.915396010001,6348.871934919999,0.024258,0.02438,2016-06-10 13:45:15,13.66,170.0,211000.0
518,0.02444,0.02435,6575.89601027,6349.471034919999,0.024264,0.02438,2016-06-10 13:45:24,27.71,64.0,211000.0
519,0.02448,0.02435,6565.987648220002,6349.471034919999,0.024271,0.02438,2016-06-10 13:45:33,26.63,64.0,211000.0
520,0.02446,0.02435,6565.858519380001,6228.38703492,0.024277,0.0244,2016-06-10 13:45:42,36.19,347.5,211000.0
521,0.02445,0.02435,6565.858519380001,6142.382034919999,0.024284,0.0244,2016-06-10 13:45:50,43.527,411.5,211000.0
522,0.02445,0.0243,6973.877905120002,6227.78793492,0.02429,0.0244,2016-06-10 13:45:59,43.516,411.5,211000.0
523,0.02445,0.02435,6573.636754460002,6225.91169611,0.024295,0.0244,2016-06-10 13:46:09,71.068,411.5,211000.0
524,0.02445,0.02435,6565.867519380001,6226.71894057,0.024296,0.0244,2016-06-10 13:46:18,43.505,411.5,211000.0
525,0.02445,0.02435,6565.867519380001,6229.19197938,0.024302,0.0244,2016-06-10 13:46:26,20.006,411.5,211000.0
526,0.02445,0.02435,6565.867519380001,6229.19197938,0.024307,0.0244,2016-06-10 13:46:35,71.089,411.5,211000.0
527,0.02445,0.02435,6933.877905120002,6228.59517938,0.024313,0.0244,2016-06-10 13:46:44,70.953,411.5,211000.0
528,0.02445,0.02435,6565.364519380002,6228.3878349199995,0.024313,0.0244,2016-06-10 13:46:53,70.953,411.5,211000.0
529,0.02445,0.02435,6565.364519230001,6228.3878349199995,0.024258,0.0244,2016-06-10 13:47:03,51.283,411.5,211000.0
530,0.02445,0.02435,6564.853418620001,6197.974173169999,0.024269,0.0244,2016-06-10 13:47:13,70.789,411.5,211000.0
531,0.02444,0.0243,6564.013568620001,6201.314273169999,0.02427,0.0244,2016-06-10 13:47:21,43.552,411.5,211000.0
532,0.02444,0.02435,6468.249989250001,6201.914673169999,0.024276,0.024399,2016-06-10 13:47:31,43.541,20.495,211000.0
533,0.02444,0.02435,6498.932350390001,6191.55405882,0.024282,0.024399,2016-06-10 13:47:39,43.53,20.495,211000.0
534,0.02444,0.02435,6468.305060920001,6209.206620419999,0.024287,0.024399,2016-06-10 13:47:46,70.54,20.495,211000.0
535,0.02444,0.02435,6468.305060920001,6209.206620419999,0.024298,0.024399,2016-06-10 13:47:55,70.974,20.495,211000.0
536,0.02444,0.0243,6564.068640290001,6208.60622042,0.024299,0.024399,2016-06-10 13:48:04,43.5,20.495,211000.0
537,0.02444,0.02435,6468.306060920001,6209.206620419999,0.024304,0.024399,2016-06-10 13:48:13,70.808,20.495,211000.0
538,0.02442,0.02435,6071.992217970001,6203.554630850001,0.024309,0.024398,2016-06-10 13:48:21,70.841,3.88,211000.0
539,0.02442,0.02435,6071.992217970001,6203.554630850001,0.024249,0.024398,2016-06-10 13:48:29,70.943,3.88,211000.0
540,0.02442,0.02435,6071.992217970001,6203.554630850001,0.024242,0.024398,2016-06-10 13:48:38,70.894,3.88,211000.0
541,0.02442,0.0243,6562.386493720001,6202.9542308499995,0.024242,0.02436,2016-06-10 13:48:46,70.894,170.0,211000.0
542,0.02442,0.02435,6466.6239143500015,6203.5545308499995,0.024243,0.02436,2016-06-10 13:48:55,74.774,170.0,211000.0
543,0.02442,0.02435,6466.6239143500015,6203.5545308499995,0.024255,0.024398,2016-06-10 13:49:04,2.266,3.88,211000.0
544,0.02442,0.02435,6466.6239143500015,6203.5545308499995,0.024254,0.02436,2016-06-10 13:49:13,70.927,340.0,211000.0
545,0.02442,0.0243,6562.386493720001,6202.9542308499995,0.024233,0.02436,2016-06-10 13:49:22,70.721,340.0,211000.0
546,0.02442,0.02435,6466.6239143500015,6203.5545308499995,0.024232,0.02436,2016-06-10 13:49:30,71.07,340.0,211000.0
547,0.02442,0.02435,6466.623914160001,6203.5545308499995,0.024232,0.024379,2016-06-10 13:49:39,71.07,9.24,211000.0
548,0.02442,0.02435,6466.623914160001,6203.5545308499995,0.024238,0.024398,2016-06-10 13:49:47,70.713,13.33,211000.0
549,0.02442,0.02435,6565.5154807,6200.91850113,0.024238,0.02436,2016-06-10 13:49:56,70.713,340.0,211000.0
550,0.02442,0.02435,6565.5154807,6200.31820113,0.024239,0.02436,2016-06-10 13:50:05,30.795,340.0,211000.0
551,0.02442,0.02435,6565.5154807,6200.918401129999,0.024244,0.024398,2016-06-10 13:50:13,71.198,13.33,211000.0
552,0.02442,0.02435,6565.5154807,6200.918401129999,0.024245,0.024379,2016-06-10 13:50:22,32.54,9.23,211000.0
553,0.02442,0.02435,6453.051204040001,6189.24940335,0.02425,0.024378,2016-06-10 13:50:30,70.937,24.94,211000.0
554,0.02442,0.02435,6466.623914570001,6189.24940335,0.02425,0.024378,2016-06-10 13:50:39,70.937,24.94,211000.0
555,0.02442,0.02435,6466.623914570001,6189.24940335,0.024232,0.02436,2016-06-10 13:50:47,70.737,71.5,211000.0
556,0.02442,0.02435,6449.926453880002,6194.44430959,0.024233,0.02436,2016-06-10 13:50:56,31.091,370.7,211000.0
557,0.02442,0.02435,6449.926453880002,6194.44430959,0.024186,0.02436,2016-06-10 13:51:04,168.46,370.7,211000.0
558,0.02441,0.02435,6034.464127650001,6221.8180338600005,0.02419,0.02436,2016-06-10 13:51:12,168.637,370.7,211000.0
559,0.0244,0.02435,6073.3130575800005,6217.93803386,0.024196,0.02436,2016-06-10 13:51:21,57.67,200.7,211000.0
560,0.02439,0.02435,6334.35224203,6207.62708528,0.024203,0.02436,2016-06-10 13:51:29,21.2,200.7,211000.0
561,0.02438,0.02435,6562.732870240001,6109.722244429999,0.024143,0.024359,2016-06-10 13:51:38,48.005,397.61,211000.0
562,0.02435,0.02421,6800.524274650001,6202.2288519799995,0.024162,0.02431,2016-06-10 13:51:46,2.33,7.5,211000.0
563,0.02434,0.02421,6930.304209780001,6187.78567415,0.024163,0.024298,2016-06-10 13:51:55,2.123,12.189,211000.0
564,0.02434,0.02421,6946.3471045800015,6187.128234819999,0.024163,0.02428,2016-06-10 13:52:04,0.772,24.0,211000.0
565,0.02433,0.02421,6899.927609590002,6333.374542959999,0.024174,0.02428,2016-06-10 13:52:12,71.256,24.0,211000.0
566,0.02433,0.02421,6376.037763460001,6243.281230670001,0.024164,0.02425,2016-06-10 13:52:22,34.916,12.0,211000.0
567,0.02433,0.02421,6493.837310480001,6317.764729329999,0.024148,0.02425,2016-06-10 13:52:31,87.543,12.0,211000.0
568,0.02439,0.02422,6453.182440400002,6380.785914949999,0.024158,0.024242,2016-06-10 13:52:40,70.853,0.009,211000.0
569,0.02433,0.02421,6493.80285978,6223.39545569,0.024169,0.02429,2016-06-10 13:52:49,70.877,12.0,211000.0
570,0.02435,0.02421,6597.75290469,6081.456743889999,0.024169,0.02429,2016-06-10 13:52:58,70.877,24.0,211000.0
571,0.02434,0.02423,6608.457214690001,6288.414849659999,0.024169,0.02429,2016-06-10 13:53:06,70.877,24.0,211000.0
572,0.02441,0.02422,6578.00716979,6426.866843889999,0.024141,0.02429,2016-06-10 13:53:15,43.785,24.0,211000.0
573,0.0244,0.02424,6981.854210770001,6292.51084389,0.024148,0.02429,2016-06-10 13:53:24,34.478,24.0,211000.0
574,0.02438,0.02426,6338.755483480001,6286.289231489999,0.024152,0.02429,2016-06-10 13:53:33,70.855,24.0,211000.0
575,0.02437,0.02435,6386.062924170002,6308.457774099999,0.024161,0.024282,2016-06-10 13:53:42,131.43,0.009,211000.0
576,0.02437,0.02435,6480.21168917,6308.457774099999,0.024282,0.02429,2016-06-10 13:53:51,0.047,24.0,211000.0
577,0.02437,0.02421,6576.45676836,6308.457774099999,0.024174,0.024282,2016-06-10 13:53:59,10.76,0.054,211000.0
578,0.02437,0.02421,6481.388395060001,6428.780231489999,0.024179,0.024282,2016-06-10 13:54:08,71.396,0.054,211000.0
579,0.02436,0.02421,6381.706125590001,6292.73823429,0.024145,0.02425,2016-06-10 13:54:16,71.252,24.0,211000.0
580,0.02432,0.02421,6548.422098100002,6438.163575609999,0.024151,0.02425,2016-06-10 13:54:25,71.075,24.0,211000.0
581,0.02431,0.02421,6524.822593430001,6351.268705169999,0.024157,0.02425,2016-06-10 13:54:34,71.071,24.0,211000.0
582,0.02432,0.02421,6653.65990343,6206.69116517,0.02416,0.02425,2016-06-10 13:54:43,1.0,24.0,211000.0
583,0.02431,0.02421,6652.30376323,6219.94302411,0.024158,0.02425,2016-06-10 13:54:51,54.03,24.0,211000.0
584,0.02441,0.02421,6594.081469950001,6234.56190506,0.024142,0.02425,2016-06-10 13:55:01,32.437,24.0,211000.0
585,0.02437,0.02435,6594.92993686,6424.425733539999,0.024146,0.024248,2016-06-10 13:55:10,71.027,8.94,211000.0
586,0.02436,0.02435,6634.59295061,6395.539951819999,0.024152,0.02425,2016-06-10 13:55:18,71.176,15.061,211000.0
587,0.02434,0.02421,6594.39126061,6529.168941949998,0.024152,0.02425,2016-06-10 13:55:27,71.176,15.061,211000.0
588,0.02432,0.02421,6633.89126061,6355.555941949999,0.024153,0.02425,2016-06-10 13:55:35,2.317,15.061,211000.0
589,0.02431,0.02421,6634.39126061,6353.684941949999,0.024153,0.02425,2016-06-10 13:55:44,0.591,15.061,211000.0
590,0.02431,0.02421,6634.56285061,6342.298947099999,0.024153,0.024245,2016-06-10 13:55:53,43.763,71.336,211000.0
591,0.02431,0.02421,6591.86890173,6314.7667202699995,0.024152,0.024245,2016-06-10 13:56:02,71.26,71.336,211000.0
592,0.02431,0.0242,6632.88568535,6289.71662027,0.024158,0.02425,2016-06-10 13:56:12,71.295,15.061,211000.0
593,0.02431,0.0242,6835.885241090002,6287.71362027,0.024242,0.02425,2016-06-10 13:56:20,0.222,15.061,211000.0
594,0.02431,0.0242,6611.868931270001,6274.23111042,0.024101,0.024242,2016-06-10 13:56:28,115.96,0.009,211000.0
595,0.02431,0.02414,6799.15794983,6132.477001640001,0.024073,0.02425,2016-06-10 13:56:37,89.83,15.061,211000.0
596,0.0244,0.02414,6981.8897904000005,5883.714462859999,0.02411,0.02425,2016-06-10 13:56:45,21.201,15.061,211000.0
597,0.02439,0.02416,6550.567942900001,6160.27327333,0.024112,0.02425,2016-06-10 13:56:53,43.837,15.061,211000.0
598,0.02437,0.02416,6411.145354890001,6368.660525909999,0.024113,0.02425,2016-06-10 13:57:03,57.597,15.061,211000.0
599,0.02436,0.02435,6345.260684360001,6379.303525909999,0.024122,0.024249,2016-06-10 13:57:12,43.819,29.074,211000.0
600,0.02432,0.02415,6818.326801990001,6323.637343189999,0.024114,0.02425,2016-06-10 13:57:22,43.834,15.061,211000.0
601,0.02432,0.02415,6779.629223900001,6323.637343189999,0.024114,0.02426,2016-06-10 13:57:31,43.834,21.246,211000.0
602,0.02431,0.02415,7272.5413332200005,5987.71876715,0.024115,0.02427,2016-06-10 13:57:39,2.03,129.2,211000.0
603,0.02436,0.02417,7114.6036809199995,6032.486984009999,0.024123,0.024269,2016-06-10 13:57:47,26.62,17.94,211000.0
604,0.02441,0.02418,7113.69794731,6018.28893419,0.024129,0.024289,2016-06-10 13:57:55,34.4,21.233,211000.0
605,0.02441,0.02419,6845.781926290001,6162.10703419,0.024135,0.0243,2016-06-10 13:58:04,34.32,15.1,211000.0
606,0.02441,0.02419,7050.7971163,6165.48303419,0.024141,0.0243,2016-06-10 13:58:12,24.81,26.985,211000.0
607,0.02441,0.0242,7102.9714229599995,6180.022726079999,0.024152,0.0243,2016-06-10 13:58:21,21.49,26.985,211000.0
608,0.02444,0.0242,7226.139822200001,6148.363150269999,0.02416,0.0243,2016-06-10 13:58:29,20.49,26.985,211000.0
609,0.02444,0.02435,7051.510477200001,6204.7397298999995,0.024164,0.0243,2016-06-10 13:58:37,2.0,26.985,211000.0
610,0.02442,0.02435,7253.301041150002,6401.128231699999,0.024177,0.0243,2016-06-10 13:58:46,33.632,26.985,211000.0
611,0.02442,0.02418,7020.040607770001,6212.5762967,0.024188,0.0243,2016-06-10 13:58:54,90.41,26.985,211000.0
612,0.02441,0.02419,6980.644489630002,6212.5762967,0.024194,0.0243,2016-06-10 13:59:04,90.76,11.885,211000.0
613,0.02441,0.02435,6901.5275160400015,6213.6442967,0.024205,0.0243,2016-06-10 13:59:12,88.76,11.885,211000.0
614,0.02441,0.02435,7069.0506670700015,6213.6442967,0.024211,0.02431,2016-06-10 13:59:21,25.3,7.402,211000.0
615,0.02441,0.02435,7069.0506670700015,6213.6442967,0.024218,0.02431,2016-06-10 13:59:29,4.032,7.402,211000.0
616,0.02441,0.0242,7049.8474019000005,6213.6442967,0.024222,0.02431,2016-06-10 13:59:37,19.794,7.402,211000.0
617,0.02441,0.0242,7225.185792800001,6220.92852257,0.024223,0.02431,2016-06-10 13:59:46,34.246,7.402,211000.0
618,0.02441,0.02435,6876.708268480001,6223.41052257,0.024228,0.02431,2016-06-10 13:59:55,29.576,7.402,211000.0
619,0.02441,0.02435,6946.174486470001,6233.18471931,0.024229,0.02431,2016-06-10 14:00:03,34.291,7.402,211000.0
620,0.02441,0.02435,7019.9595235100005,6233.18471931,0.024239,0.02431,2016-06-10 14:00:11,3.351,7.402,211000.0
621,0.02441,0.02435,7019.9595235100005,6233.18471931,0.024239,0.02431,2016-06-10 14:00:19,3.052,7.402,211000.0
622,0.02441,0.02419,7020.549233500002,6230.70271931,0.02424,0.02431,2016-06-10 14:00:27,34.619,7.402,211000.0
623,0.02441,0.02435,6811.968308810001,6233.18771931,0.024245,0.02431,2016-06-10 14:00:37,7.139,7.402,211000.0
624,0.02441,0.02435,6991.329828810001,6233.18771931,0.024256,0.02431,2016-06-10 14:00:45,8.457,7.402,211000.0
625,0.02435,0.0242,7022.11802881,6230.67943733,0.024256,0.02431,2016-06-10 14:00:53,8.457,7.402,211000.0
626,0.02435,0.0242,7011.868042510001,6230.67943733,0.024256,0.02431,2016-06-10 14:01:02,8.457,7.402,211000.0
627,0.02435,0.0242,7011.868042510001,6228.19443733,0.024213,0.02431,2016-06-10 14:01:09,7.67,7.402,211000.0
628,0.02441,0.02435,7010.470270950002,6230.80643733,0.024213,0.02431,2016-06-10 14:01:17,14.021,7.402,211000.0
629,0.02441,0.02435,6917.247614140002,6230.80643733,0.024215,0.02431,2016-06-10 14:01:28,4.44,7.402,211000.0
630,0.02441,0.02435,6956.74015999,6230.80643733,0.024215,0.02431,2016-06-10 14:01:37,4.44,7.402,211000.0
631,0.02441,0.02435,6956.74015999,6230.80643733,0.024217,0.02431,2016-06-10 14:01:45,4.44,7.402,211000.0
632,0.02435,0.0242,7001.252159990001,6228.367437329999,0.024218,0.02431,2016-06-10 14:01:53,43.645,7.402,211000.0
633,0.02441,0.02435,7001.883329120001,6229.38483172,0.024219,0.02431,2016-06-10 14:02:02,4.44,7.402,211000.0
634,0.02441,0.02435,7001.883329120001,6230.80943733,0.024221,0.02431,2016-06-10 14:02:10,23.27,7.402,211000.0
635,0.02441,0.02435,6814.745964650001,6255.69643733,0.024264,0.02431,2016-06-10 14:02:18,21.15,7.402,211000.0
636,0.02435,0.02421,7001.020446120001,6247.48454205,0.024218,0.02431,2016-06-10 14:02:27,43.645,7.402,211000.0
637,0.02434,0.0242,7001.90723004,6079.668657449999,0.024219,0.02431,2016-06-10 14:02:35,33.025,7.402,211000.0
638,0.02435,0.0242,7001.90723004,6086.129563529999,0.02422,0.02431,2016-06-10 14:02:44,51.17,7.402,211000.0
639,0.02433,0.0242,6796.160660040001,6086.129563529999,0.024222,0.02431,2016-06-10 14:02:53,51.17,7.402,211000.0
640,0.02433,0.0242,6560.910280700002,6075.49244793,0.024224,0.02431,2016-06-10 14:03:03,51.16,7.402,211000.0
641,0.02433,0.0242,6556.710280700001,6058.034646149999,0.024254,0.02431,2016-06-10 14:03:12,21.161,7.402,211000.0
642,0.02433,0.02419,6977.987023110001,6092.30369724,0.02421,0.02431,2016-06-10 14:03:20,1.883,7.402,211000.0
643,0.02435,0.02421,6575.268740820002,6230.3358548,0.024211,0.02431,2016-06-10 14:03:28,33.969,7.402,211000.0
644,0.02435,0.02421,6887.875556110002,6230.3358548,0.024213,0.02431,2016-06-10 14:03:37,43.654,7.402,211000.0
645,0.02434,0.02419,6976.76992409,6064.33445752,0.024253,0.02431,2016-06-10 14:03:45,6.585,7.402,211000.0
646,0.02434,0.02419,6976.76992409,6057.7834877800005,0.024227,0.02431,2016-06-10 14:03:54,6.585,7.402,211000.0
647,0.02434,0.02419,6976.769924080001,6068.8481411699995,0.024225,0.02431,2016-06-10 14:04:03,6.585,7.402,211000.0
648,0.02434,0.0242,6567.583538340001,6073.497399729999,0.024226,0.02431,2016-06-10 14:04:11,43.631,7.402,211000.0
649,0.02435,0.02418,6366.311870000001,6069.84893082,0.024226,0.02431,2016-06-10 14:04:19,43.631,7.402,211000.0
650,0.02434,0.02418,6982.4109131000005,6218.0487531,0.024226,0.02431,2016-06-10 14:04:28,6.585,7.402,211000.0
651,0.02433,0.02418,6637.139034260001,6076.1243199,0.024226,0.024309,2016-06-10 14:04:36,6.585,2.33,211000.0
652,0.02435,0.02418,6637.58007426,6072.204930819999,0.024227,0.024309,2016-06-10 14:04:44,43.629,2.33,211000.0
653,0.02435,0.02419,6573.91395969,6072.204930819999,0.024227,0.024309,2016-06-10 14:04:53,6.597,2.33,211000.0
654,0.02435,0.02418,6638.18827744,6072.204930819999,0.024227,0.024309,2016-06-10 14:05:03,6.597,2.33,211000.0
655,0.02435,0.02418,6840.601922600001,6072.204930819999,0.024228,0.024309,2016-06-10 14:05:12,50.224,2.33,211000.0
656,0.02435,0.02418,7046.636133100001,6072.122630819999,0.024228,0.024309,2016-06-10 14:05:21,6.597,2.33,211000.0
657,0.02435,0.02418,7046.636133100001,6072.122630819999,0.024229,0.024309,2016-06-10 14:05:29,43.626,2.33,211000.0
658,0.02435,0.02418,7046.636133100001,6072.122630819999,0.024241,0.024309,2016-06-10 14:05:38,43.604,2.33,211000.0
659,0.02435,0.02418,7046.636133100001,6072.122630819999,0.024246,0.024309,2016-06-10 14:05:47,9.298,2.33,211000.0
660,0.02435,0.02418,7046.636133100001,6069.397630819999,0.024247,0.024309,2016-06-10 14:05:56,6.241,2.33,211000.0
661,0.02435,0.02419,7000.0353048000015,6223.057030819999,0.024229,0.02431,2016-06-10 14:06:04,6.597,7.402,211000.0
662,0.02435,0.02419,7000.0353048000015,6096.145030819999,0.024229,0.02431,2016-06-10 14:06:12,6.597,7.402,211000.0
663,0.02435,0.02419,6982.773710240001,6072.07723613,0.024229,0.02431,2016-06-10 14:06:21,6.597,7.402,211000.0
664,0.02433,0.02418,7028.392063950001,6078.779246669999,0.02423,0.024309,2016-06-10 14:06:30,43.624,3.39,211000.0
665,0.02434,0.02418,7028.079839500002,6069.9061466699995,0.024227,0.024309,2016-06-10 14:06:38,6.679,3.39,211000.0
666,0.02435,0.02419,6973.533201260001,6064.0585141599995,0.0242,0.024309,2016-06-10 14:06:47,126.143,3.39,211000.0
667,0.02435,0.02418,6966.964600710002,6064.0585141599995,0.024218,0.024309,2016-06-10 14:06:58,43.645,3.39,211000.0
668,0.02435,0.02418,7045.7598523000015,6060.0716962,0.024232,0.024309,2016-06-10 14:07:05,6.679,3.39,211000.0
669,0.02435,0.02418,7045.759851880002,6058.924657389999,0.024233,0.024309,2016-06-10 14:07:14,43.618,3.39,211000.0
670,0.02435,0.02418,7040.1301641300015,6061.7036573899995,0.024233,0.024309,2016-06-10 14:07:22,6.884,3.39,211000.0
671,0.02435,0.02418,6818.460781970001,6063.98559333,0.024233,0.024309,2016-06-10 14:07:31,6.884,3.39,211000.0
672,0.02435,0.02418,6824.090470140001,6064.08649333,0.024201,0.024309,2016-06-10 14:07:38,43.676,3.39,211000.0
673,0.02435,0.02418,7038.378861270001,6068.731447799999,0.024235,0.024309,2016-06-10 14:07:47,43.615,3.39,211000.0
674,0.02435,0.02418,7026.0439474800005,6065.952447799999,0.024244,0.024309,2016-06-10 14:07:56,6.883,3.39,211000.0
675,0.02435,0.02418,7069.553933990001,6068.87342639,0.024244,0.024309,2016-06-10 14:08:05,6.883,3.39,211000.0
676,0.02435,0.02418,6869.314940830001,6068.87342639,0.024244,0.024309,2016-06-10 14:08:13,6.883,3.39,211000.0
677,0.02435,0.02419,7003.450368580001,6068.87342639,0.024244,0.024309,2016-06-10 14:08:22,6.883,3.39,211000.0
678,0.02435,0.02418,7350.8829826400015,6068.87342639,0.024244,0.024309,2016-06-10 14:08:30,6.883,3.39,211000.0
679,0.02435,0.02418,7078.34812156,6066.090426389999,0.024244,0.024309,2016-06-10 14:08:39,6.883,3.39,211000.0
680,0.02435,0.02418,7078.34812156,6068.874426389999,0.024244,0.024309,2016-06-10 14:08:47,6.883,3.39,211000.0
681,0.02435,0.02418,7068.864901640001,6164.246980019999,0.024202,0.024309,2016-06-10 14:08:56,43.674,3.39,211000.0
682,0.02435,0.02418,7068.864901640001,6163.248980019999,0.024202,0.024309,2016-06-10 14:09:05,8.499,3.39,211000.0
683,0.02435,0.02418,7068.864901640001,6223.74731387,0.024202,0.024309,2016-06-10 14:09:14,8.499,3.39,211000.0
684,0.02435,0.02418,7068.864901640001,6228.10031387,0.024203,0.02431,2016-06-10 14:09:22,21.159,7.402,211000.0
685,0.02435,0.02418,7068.864901640001,6236.451880670001,0.024204,0.02431,2016-06-10 14:09:30,43.671,7.402,211000.0
686,0.02435,0.02418,7068.864901640001,6078.68088067,0.024222,0.02431,2016-06-10 14:09:38,43.638,7.402,211000.0
687,0.02435,0.02418,7068.564201640002,6070.32931387,0.024222,0.02431,2016-06-10 14:09:47,43.638,7.402,211000.0
688,0.02435,0.02418,7031.542161490001,6152.07464162,0.024211,0.02431,2016-06-10 14:09:55,21.163,7.402,211000.0
689,0.02435,0.02418,6423.587021630001,6212.41142639,0.024243,0.02432,2016-06-10 14:10:04,21.163,480.559,211000.0
690,0.02435,0.02421,6556.195890700001,6219.18199319,0.024264,0.02432,2016-06-10 14:10:13,21.163,480.559,211000.0
691,0.02435,0.02418,6783.316120560001,6219.18199319,0.024213,0.02432,2016-06-10 14:10:22,172.87,480.559,211000.0
692,0.02434,0.02419,6983.157640560001,6062.72063138,0.024213,0.02432,2016-06-10 14:10:30,167.05,480.559,211000.0
693,0.02434,0.02419,6827.7376087500015,6060.97963138,0.024214,0.024318,2016-06-10 14:10:39,31.667,1.03,211000.0
694,0.02434,0.02419,6951.154935150002,6069.97134992,0.024231,0.024318,2016-06-10 14:10:47,31.257,1.03,211000.0
695,0.02434,0.02419,6966.154935150002,6069.97134992,0.024231,0.024318,2016-06-10 14:10:56,52.393,1.03,211000.0
696,0.02434,0.02417,6791.49341515,6069.97134992,0.024232,0.024317,2016-06-10 14:11:04,43.62,0.25,211000.0
697,0.02434,0.02418,7034.747757540001,6056.132638489999,0.024258,0.024318,2016-06-10 14:11:12,21.136,1.03,211000.0
698,0.02433,0.02419,6980.44287092,6182.0932492,0.024212,0.02432,2016-06-10 14:11:21,43.656,480.559,211000.0
699,0.02433,0.02419,6975.004363150001,6181.0448160000005,0.024214,0.02432,2016-06-10 14:11:29,8.4,480.559,211000.0
700,0.02433,0.02419,6975.004363150001,6072.98868237,0.024216,0.02432,2016-06-10 14:11:37,8.4,480.559,211000.0
701,0.02433,0.02419,6975.004363150001,6072.98868237,0.024236,0.02432,2016-06-10 14:11:45,8.4,480.559,211000.0
702,0.02433,0.02419,6975.004363150001,6072.98868237,0.024242,0.02432,2016-06-10 14:11:53,13.757,480.559,211000.0
703,0.02433,0.02418,6994.214378510002,6066.76842913,0.024242,0.024319,2016-06-10 14:12:02,5.357,1.87,211000.0
704,0.02433,0.02417,6791.48980793,6066.66842913,0.024242,0.02432,2016-06-10 14:12:10,26.504,480.559,211000.0
705,0.02432,0.02417,6997.491967930002,6154.98817119,0.024242,0.024319,2016-06-10 14:12:18,21.148,30.875,211000.0
706,0.02432,0.02417,6791.015804500001,6157.29969955,0.024242,0.024319,2016-06-10 14:12:27,21.148,30.875,211000.0
707,0.02435,0.02417,6996.847504500001,6361.734281159999,0.024242,0.024319,2016-06-10 14:12:35,21.148,30.875,211000.0
708,0.02435,0.02418,7046.4965016800015,6088.24231997,0.024242,0.024319,2016-06-10 14:12:43,21.148,30.875,211000.0
709,0.02435,0.02418,7046.4965016800015,6073.602319969999,0.024242,0.024319,2016-06-10 14:12:51,21.148,30.875,211000.0
710,0.02439,0.02418,7046.4965016800015,6140.6898684,0.024242,0.024319,2016-06-10 14:13:00,21.148,30.875,211000.0
711,0.02435,0.02419,6412.79383604,6277.803963429999,0.024242,0.024318,2016-06-10 14:13:08,21.148,1.84,211000.0
712,0.02441,0.02419,6563.208575550001,6279.43683452,0.024202,0.024319,2016-06-10 14:13:17,43.674,30.875,211000.0
713,0.02441,0.02419,6577.0881415799995,6283.25326772,0.024202,0.024319,2016-06-10 14:13:25,64.82,30.875,211000.0
714,0.02441,0.02418,6571.59230778,6234.375315,0.024202,0.024319,2016-06-10 14:13:33,64.82,30.875,211000.0
715,0.02439,0.02418,6602.276821180001,6105.69757987,0.024203,0.024319,2016-06-10 14:13:41,43.672,30.875,211000.0
716,0.02439,0.02417,6571.59230778,6105.69757987,0.024237,0.024319,2016-06-10 14:13:49,21.149,30.875,211000.0
717,0.02438,0.02419,6592.3304321,6057.17440334,0.024237,0.024319,2016-06-10 14:13:58,21.149,30.875,211000.0
718,0.02441,0.02417,6571.592207580001,6150.537484969999,0.024218,0.024319,2016-06-10 14:14:06,21.149,30.875,211000.0
719,0.02437,0.02417,6579.528183730001,6066.36748565,0.024201,0.024319,2016-06-10 14:14:14,43.676,30.875,211000.0
720,0.02437,0.02417,6577.35833603,6123.624538369999,0.024232,0.024319,2016-06-10 14:14:22,21.149,30.875,211000.0
721,0.02436,0.02417,6561.681270000001,6147.370347239999,0.024243,0.024318,2016-06-10 14:14:31,13.454,54.27,211000.0
722,0.02436,0.02417,6561.37335417,6109.40305171,0.024234,0.024318,2016-06-10 14:14:40,87.233,54.27,211000.0
723,0.02435,0.02417,6562.181270000001,6111.404807779999,0.024177,0.024318,2016-06-10 14:14:49,199.58,54.27,211000.0
724,0.02435,0.02417,6562.181270000001,6111.404807779999,0.024205,0.024318,2016-06-10 14:14:57,22.373,54.27,211000.0
725,0.02435,0.02417,6562.181270000001,6087.05764811,0.02421,0.024318,2016-06-10 14:15:05,5.519,54.27,211000.0
726,0.02435,0.02417,6562.181270000001,6111.2440248600005,0.024237,0.024318,2016-06-10 14:15:13,6.761,54.27,211000.0
727,0.02435,0.02414,6990.623458,6124.039639129999,0.024238,0.024318,2016-06-10 14:15:21,43.609,54.27,211000.0
728,0.02435,0.02415,6598.05866545,6124.039639129999,0.024243,0.024318,2016-06-10 14:15:31,3.553,54.27,211000.0
729,0.02435,0.02415,6389.300285450001,6124.039639129999,0.024109,0.02426,2016-06-10 14:15:39,139.85,12.0,211000.0
730,0.02435,0.02415,6643.28995545,6222.52501993,0.024112,0.02426,2016-06-10 14:15:47,15.54,11.735,211000.0
731,0.02434,0.02415,6436.000285450002,6225.93699245,0.024114,0.02426,2016-06-10 14:15:56,36.714,11.735,211000.0
732,0.02433,0.02415,6642.272911240001,6240.72130513,0.024116,0.024259,2016-06-10 14:16:04,12.71,32.488,211000.0
733,0.02433,0.02415,6388.54940942,6240.72130513,0.024221,0.02429,2016-06-10 14:16:13,21.171,423.2,211000.0
734,0.02433,0.02415,6642.02214942,6240.72130513,0.024222,0.024289,2016-06-10 14:16:22,43.638,38.753,211000.0
735,0.02433,0.02415,6642.02214942,6242.77761853,0.024222,0.024289,2016-06-10 14:16:29,43.638,38.753,211000.0
736,0.02433,0.02415,6642.02214942,6242.77761853,0.024227,0.024289,2016-06-10 14:16:37,2.79,7.09,211000.0
737,0.02433,0.02415,6641.71433379,6242.788618529999,0.024101,0.024289,2016-06-10 14:16:47,43.857,7.09,211000.0
738,0.02433,0.02415,6642.02214906,6242.788618529999,0.024119,0.024287,2016-06-10 14:16:56,21.179,32.07,211000.0
739,0.02433,0.02415,6642.02214906,6242.788618529999,0.02412,0.024287,2016-06-10 14:17:04,43.823,32.07,211000.0
740,0.02433,0.02415,6540.36940906,6242.788618529999,0.02412,0.024286,2016-06-10 14:17:12,21.179,30.593,211000.0
741,0.02433,0.02416,6648.29792906,6240.00961853,0.024121,0.024285,2016-06-10 14:17:20,43.821,31.18,211000.0
742,0.02433,0.02415,6642.23654939,6242.78961853,0.024101,0.024285,2016-06-10 14:17:28,43.857,31.18,211000.0
743,0.02433,0.02415,6642.23654939,6242.78961853,0.024179,0.024283,2016-06-10 14:17:37,21.179,31.18,211000.0
744,0.02433,0.02415,6642.23654939,6240.316579719999,0.02418,0.024283,2016-06-10 14:17:45,64.893,31.18,211000.0
745,0.02433,0.02415,6642.236549380001,6240.316579719999,0.02418,0.024281,2016-06-10 14:17:53,21.179,31.18,211000.0
746,0.02433,0.02415,6641.922922130001,6240.00961853,0.024181,0.024281,2016-06-10 14:18:03,43.712,31.18,211000.0
747,0.02433,0.02415,6642.23654917,6242.78961853,0.024202,0.02428,2016-06-10 14:18:11,21.179,22.603,211000.0
748,0.02437,0.02415,6595.0365491699995,6202.54389851,0.024146,0.0243,2016-06-10 14:18:19,194.25,4.8,211000.0
749,0.02431,0.02415,6539.5128664,6075.464310729999,0.024147,0.024297,2016-06-10 14:18:28,43.774,4.66,211000.0
750,0.02443,0.02415,6667.536431320001,6061.408901389999,0.024207,0.024297,2016-06-10 14:18:36,7.741,4.66,211000.0
751,0.02438,0.02415,6776.409189810001,6346.387468189999,0.024208,0.024295,2016-06-10 14:18:44,43.663,2.57,211000.0
752,0.02434,0.02415,6667.537433330001,6092.40629319,0.024208,0.024295,2016-06-10 14:18:52,64.829,2.57,211000.0
753,0.02434,0.02415,6667.537433330001,6092.40629319,0.024208,0.024295,2016-06-10 14:19:01,21.166,2.57,211000.0
754,0.02434,0.02416,6999.8372354600015,6072.974779839999,0.024208,0.024293,2016-06-10 14:19:10,21.166,2.55,211000.0
755,0.02432,0.02416,7030.5050678200005,6039.58495484,0.024214,0.024293,2016-06-10 14:19:19,43.653,2.55,211000.0
756,0.02436,0.02416,6934.092028140001,6045.09842601,0.024214,0.024319,2016-06-10 14:19:28,21.188,30.875,211000.0
757,0.02434,0.02416,6598.166040530001,6135.04867601,0.024219,0.024318,2016-06-10 14:19:35,16.148,54.84,211000.0
758,0.02436,0.02416,6974.552426270002,6102.59942601,0.024233,0.024318,2016-06-10 14:19:43,21.188,54.84,211000.0
759,0.02436,0.02417,6585.117107240001,5748.92785921,0.024238,0.024318,2016-06-10 14:19:52,9.931,54.84,211000.0
760,0.02436,0.02417,6992.665261220001,6080.342346009999,0.024239,0.024318,2016-06-10 14:20:00,43.608,54.84,211000.0
761,0.02434,0.02415,7101.092485290001,6129.86044601,0.024152,0.024318,2016-06-10 14:20:09,43.765,54.84,211000.0
762,0.02434,0.02415,7101.107485910001,6132.6414460099995,0.024161,0.024239,2016-06-10 14:20:18,43.748,2.783,211000.0
763,0.02432,0.02415,7025.3537553900005,6144.22942601,0.024239,0.024318,2016-06-10 14:20:27,0.001,54.84,211000.0
764,0.02436,0.02416,7025.52031227,6049.6978592099995,0.024123,0.024318,2016-06-10 14:20:36,43.817,54.84,211000.0
765,0.02434,0.02416,7025.69469606,5781.77030101,0.024124,0.024318,2016-06-10 14:20:44,43.815,54.84,211000.0
766,0.02434,0.02416,7108.087057860001,6089.33003071,0.024195,0.024318,2016-06-10 14:20:53,21.189,54.84,211000.0
767,0.02433,0.02415,6898.145712539999,6065.08831982,0.024195,0.024318,2016-06-10 14:21:02,21.189,54.84,211000.0
768,0.02433,0.02415,6898.180334999999,6218.83790383,0.024195,0.024319,2016-06-10 14:21:10,21.189,30.875,211000.0
769,0.02433,0.02415,7103.981438590001,6218.83790383,0.024224,0.024319,2016-06-10 14:21:19,21.184,30.875,211000.0
770,0.02433,0.02415,6898.111118520001,6216.056903830001,0.02414,0.024319,2016-06-10 14:21:28,10.3,30.875,211000.0
771,0.02433,0.02415,6941.807445729999,6218.83790383,0.024234,0.024319,2016-06-10 14:21:36,21.184,30.875,211000.0
772,0.02433,0.02415,7105.335679,6218.83790383,0.024239,0.024319,2016-06-10 14:21:44,16.758,30.875,211000.0
773,0.02433,0.02415,7060.860668720001,6218.83790383,0.024147,0.024319,2016-06-10 14:21:53,16.522,30.875,211000.0
774,0.02433,0.02415,7108.060668640001,6218.83790383,0.024153,0.024319,2016-06-10 14:22:02,16.398,30.875,211000.0
775,0.02433,0.02415,7029.546339980001,6218.83790383,0.024141,0.024319,2016-06-10 14:22:11,18.939,30.875,211000.0
776,0.02433,0.02415,7077.080862090001,6218.83790383,0.024181,0.024319,2016-06-10 14:22:20,21.186,30.875,211000.0
777,0.02433,0.02415,7077.080862090001,6218.83790383,0.024181,0.024239,2016-06-10 14:22:28,21.186,0.971,211000.0
778,0.02433,0.02415,7077.080862090001,6218.83790383,0.024181,0.024239,2016-06-10 14:22:37,21.186,0.971,211000.0
779,0.02433,0.02415,7110.43356139,6216.606557760001,0.024182,0.024319,2016-06-10 14:22:45,36.09,30.875,211000.0
780,0.02433,0.02415,6903.975150050001,6219.38755776,0.024182,0.024319,2016-06-10 14:22:53,36.09,30.875,211000.0
781,0.02433,0.02416,6997.757208929999,6217.96295215,0.024155,0.024319,2016-06-10 14:23:03,41.358,30.875,211000.0
782,0.02433,0.02416,6997.757208929999,6217.96295215,0.024193,0.024319,2016-06-10 14:23:13,182.22,30.875,211000.0
783,0.02432,0.02416,6997.757208929999,6230.53053107,0.024193,0.024319,2016-06-10 14:23:22,182.22,30.875,211000.0
784,0.02432,0.02416,6943.322977899999,6185.411617389999,0.024193,0.024319,2016-06-10 14:23:31,182.22,30.875,211000.0
785,0.02432,0.02417,6709.30451362,6263.67997226,0.024154,0.024319,2016-06-10 14:23:39,3.22,30.875,211000.0
786,0.02432,0.02415,7119.41190771,6263.67997226,0.024158,0.024318,2016-06-10 14:23:48,1.81,8.74,211000.0
787,0.02432,0.02415,7119.411907780001,6263.67997226,0.024206,0.024318,2016-06-10 14:23:57,21.174,8.74,211000.0
788,0.02432,0.02415,7119.411907649999,6246.8487757600005,0.024206,0.024318,2016-06-10 14:24:05,21.174,8.74,211000.0
789,0.02432,0.02415,7119.41190752,6246.440266549999,0.024206,0.024318,2016-06-10 14:24:13,21.174,8.74,211000.0
790,0.02432,0.02415,7119.41190737,6246.440266549999,0.024206,0.024318,2016-06-10 14:24:22,21.174,8.74,211000.0
791,0.02432,0.02417,7046.05015508,6246.440266549999,0.024208,0.02432,2016-06-10 14:24:31,21.18,457.76,211000.0
792,0.02432,0.02417,7074.99432424,6246.440266549999,0.024191,0.024316,2016-06-10 14:24:39,188.12,2.31,211000.0
793,0.0243,0.02417,6839.96266508,6242.0077967199995,0.024192,0.024316,2016-06-10 14:24:47,45.242,2.31,211000.0
794,0.02441,0.02417,6665.9788284999995,6162.43828239,0.024209,0.02432,2016-06-10 14:24:55,21.18,457.76,211000.0
795,0.0244,0.02417,6665.9788284999995,6247.99009485,0.02423,0.02432,2016-06-10 14:25:03,21.18,457.76,211000.0
796,0.0244,0.02417,7062.76294846,6247.99009485,0.02423,0.02432,2016-06-10 14:25:12,21.18,457.76,211000.0
797,0.0244,0.02417,6665.9788284999995,6247.99009485,0.02423,0.02432,2016-06-10 14:25:21,21.18,395.347,211000.0
798,0.0244,0.02416,7119.582797380001,6245.20809485,0.024237,0.024319,2016-06-10 14:25:30,21.16,0.125,211000.0
799,0.02439,0.02416,7150.58261664,6324.25490461,0.024237,0.02431,2016-06-10 14:25:38,21.16,4.8,211000.0
800,0.02439,0.02416,7150.58279755,6432.748014609999,0.024237,0.02431,2016-06-10 14:25:47,21.16,4.8,211000.0
801,0.02438,0.02415,6880.56507991,6297.20580072,0.024237,0.024309,2016-06-10 14:25:56,21.16,3.26,211000.0
802,0.02438,0.02415,7053.4435011000005,6262.581275719999,0.024237,0.024309,2016-06-10 14:26:04,21.16,3.26,211000.0
803,0.02436,0.02414,6846.878067809999,6124.93300498,0.024237,0.024308,2016-06-10 14:26:13,21.16,0.125,211000.0
804,0.02438,0.02415,7055.82346003,6074.437626999999,0.024237,0.024308,2016-06-10 14:26:23,21.16,26.78,211000.0
805,0.02438,0.02415,6855.7295193300015,6242.60046101,0.024237,0.02429,2016-06-10 14:26:32,21.16,3.1,211000.0
806,0.02438,0.02415,6844.210340830001,6242.60046101,0.024237,0.02429,2016-06-10 14:26:41,21.16,4.8,211000.0
807,0.02438,0.02415,6750.383240839999,6242.60046101,0.024237,0.02429,2016-06-10 14:26:50,21.16,4.8,211000.0
808,0.02438,0.02415,6650.531077379999,6217.79070402,0.024237,0.02429,2016-06-10 14:26:59,21.16,4.8,211000.0
809,0.02438,0.02415,6650.531077399999,6217.79070402,0.024237,0.02429,2016-06-10 14:27:07,21.16,4.8,211000.0
810,0.02438,0.02415,6650.531077559999,6305.157204169999,0.024237,0.02429,2016-06-10 14:27:15,20.925,4.8,211000.0
811,0.02438,0.02415,6650.53107743,6221.895704019999,0.024237,0.02429,2016-06-10 14:27:23,20.925,4.8,211000.0
812,0.02438,0.02415,6650.531077559999,6302.29820417,0.024237,0.02429,2016-06-10 14:27:31,20.925,4.8,211000.0
813,0.02438,0.02415,6650.53107764,6217.79070402,0.024237,0.02429,2016-06-10 14:27:39,20.925,4.8,211000.0
814,0.02438,0.02415,6650.531077379999,6217.79070402,0.024191,0.024237,2016-06-10 14:27:48,188.12,20.925,211000.0
815,0.02438,0.02415,6650.53107741,6217.79070402,0.024191,0.024289,2016-06-10 14:27:57,209.298,20.925,211000.0
816,0.02415,0.02414,6649.575100100001,6217.79070402,0.024191,0.024289,2016-06-10 14:28:05,234.298,20.925,211000.0
817,0.02438,0.02415,6671.574381730001,6221.96470401,0.024191,0.02429,2016-06-10 14:28:14,213.373,4.8,211000.0
818,0.02438,0.02415,6671.57438177,6219.5925652000005,0.024191,0.02429,2016-06-10 14:28:22,46.178,4.8,211000.0
819,0.02438,0.02415,6671.57438177,6219.5925652000005,0.024191,0.02429,2016-06-10 14:28:30,389.778,4.8,211000.0
820,0.02438,0.02415,6671.574381799999,6220.385832339999,0.024191,0.02429,2016-06-10 14:28:38,389.778,4.8,211000.0
821,0.02438,0.02415,6671.574381799999,6220.385832339999,0.024191,0.02429,2016-06-10 14:28:47,220.888,4.8,211000.0
822,0.02436,0.02414,7080.5161783700005,6430.961198869999,0.024191,0.02429,2016-06-10 14:28:55,220.888,4.8,211000.0
823,0.02436,0.02415,6671.074381799999,6433.889198869999,0.024191,0.02429,2016-06-10 14:29:03,400.698,4.8,211000.0
824,0.02438,0.02415,6672.615808569999,6220.75714615,0.024191,0.02429,2016-06-10 14:29:11,400.698,4.8,211000.0
825,0.02438,0.02415,6672.615808569999,6220.62394692,0.024191,0.02429,2016-06-10 14:29:20,400.698,4.8,211000.0
826,0.02435,0.02415,6658.74215192,6410.360143609999,0.024191,0.024309,2016-06-10 14:29:29,401.612,98.942,211000.0
827,0.02435,0.02416,6689.433525639999,6360.922667829999,0.024228,0.024309,2016-06-10 14:29:37,174.33,98.942,211000.0
828,0.02435,0.02416,6749.3864239899995,6214.65810104,0.024269,0.02431,2016-06-10 14:29:45,195.45,71.5,211000.0
829,0.02435,0.02418,6659.00480533,6312.0650897,0.02431,0.024319,2016-06-10 14:29:55,98.95,1000.0,211000.0
830,0.02435,0.02418,7239.908784129999,6312.0650897,0.024311,0.024319,2016-06-10 14:30:03,168.94,605.62,211000.0
831,0.02435,0.02422,6780.850398389999,6309.1430897,0.024319,0.02432,2016-06-10 14:30:11,359.41,395.347,211000.0
832,0.02435,0.02423,6546.615803389999,6307.811380759999,0.024319,0.02432,2016-06-10 14:30:20,359.41,395.347,211000.0
833,0.02435,0.02423,6610.0109925,6307.811380759999,0.024315,0.02432,2016-06-10 14:30:29,26.739,8.897,211000.0
834,0.02435,0.02425,6605.310992499999,6307.811380759999,0.02432,0.024372,2016-06-10 14:30:37,372.294,17.97,211000.0
835,0.02435,0.02425,6575.60137344,6306.423352909999,0.02435,0.024373,2016-06-10 14:30:45,187.49,165.424,211000.0
836,0.02435,0.02426,6751.04606264,6216.96601034,0.024373,0.024398,2016-06-10 14:30:54,0.007,53.05,211000.0
837,0.02435,0.02426,6751.50313958,6221.26478152,0.024354,0.024398,2016-06-10 14:31:03,36.703,53.05,211000.0
838,0.02435,0.02425,6685.917444249999,6306.220498279999,0.024354,0.024398,2016-06-10 14:31:11,36.703,53.05,211000.0
839,0.02435,0.02429,6251.317813539999,6221.06077596,0.024391,0.024398,2016-06-10 14:31:19,156.13,53.05,211000.0
840,0.02435,0.02429,6650.94874277,6221.06077596,0.024391,0.024398,2016-06-10 14:31:29,156.13,53.05,211000.0
841,0.02435,0.02428,6648.56773398,6221.47582505,0.02435,0.024397,2016-06-10 14:31:38,136.726,31.801,211000.0
842,0.02435,0.02429,6677.34092078,6306.77583873,0.02435,0.024396,2016-06-10 14:31:46,136.726,54.99,211000.0
843,0.02435,0.02429,6578.98354797,6306.77583873,0.024319,0.024396,2016-06-10 14:31:56,0.91,54.99,211000.0
844,0.02435,0.02429,6616.7814742400005,6306.77583873,0.024319,0.024396,2016-06-10 14:32:04,0.91,54.99,211000.0
845,0.02435,0.02429,6983.467859980001,6303.76183873,0.024319,0.024396,2016-06-10 14:32:14,0.91,54.99,211000.0
846,0.02435,0.02429,6614.200311049999,6224.423161560001,0.02427,0.024395,2016-06-10 14:32:22,2.8,0.01,211000.0
847,0.02435,0.02429,6614.200311049999,6224.423161560001,0.024309,0.024395,2016-06-10 14:32:30,199.69,0.01,211000.0
848,0.02435,0.02429,6614.200311049999,6224.423161560001,0.024309,0.024395,2016-06-10 14:32:39,199.69,0.01,211000.0
849,0.02435,0.02429,6614.200311049999,6224.423161560001,0.024309,0.024395,2016-06-10 14:32:47,199.69,0.01,211000.0
850,0.02435,0.02429,6614.200311049999,6221.40916156,0.024309,0.024395,2016-06-10 14:32:56,199.69,0.01,211000.0
851,0.02435,0.02429,6629.65031105,6224.430161560001,0.024355,0.024395,2016-06-10 14:33:04,20.53,0.01,211000.0
852,0.02435,0.02429,6621.950311049999,6220.77859476,0.024355,0.024395,2016-06-10 14:33:13,20.53,0.01,211000.0
853,0.02435,0.02429,6629.15031105,6224.430161560001,0.02436,0.024395,2016-06-10 14:33:21,8.007,0.01,211000.0
854,0.02435,0.02429,6629.15031105,6224.430161560001,0.02431,0.024395,2016-06-10 14:33:29,2.8,0.01,211000.0
855,0.02435,0.02429,6613.700311050001,6219.98455595,0.024311,0.024395,2016-06-10 14:33:38,2.8,0.01,211000.0
856,0.02435,0.02424,6581.767603570001,6222.998555949999,0.02431,0.024395,2016-06-10 14:33:47,2.8,0.01,211000.0
857,0.02435,0.02424,6581.767603570001,6224.423161560001,0.02431,0.024395,2016-06-10 14:33:56,2.8,0.01,211000.0
858,0.02435,0.02425,6584.11593435,6224.423161560001,0.02431,0.024395,2016-06-10 14:34:05,1.7,0.01,211000.0
859,0.02435,0.02425,6584.11593435,6224.423161560001,0.02431,0.024395,2016-06-10 14:34:13,1.7,0.01,211000.0
860,0.02435,0.02424,6574.56760357,6221.40916156,0.024271,0.024395,2016-06-10 14:34:21,1.7,0.01,211000.0
861,0.02435,0.02426,6583.035427249999,6224.423161560001,0.024272,0.024395,2016-06-10 14:34:29,22.865,0.01,211000.0
862,0.02435,0.02422,6991.19376887,6224.423161560001,0.024306,0.024395,2016-06-10 14:34:38,135.98,0.01,211000.0
863,0.02435,0.02422,6466.75522313,6227.41716156,0.024269,0.024395,2016-06-10 14:34:47,195.45,0.01,211000.0
864,0.02435,0.02422,6598.54714357,6227.41716156,0.024269,0.024395,2016-06-10 14:34:55,216.615,0.01,211000.0
865,0.02435,0.02422,6581.767603570001,6227.42416156,0.024269,0.024379,2016-06-10 14:35:04,216.615,142.39,211000.0
866,0.02435,0.02422,6581.767603570001,6227.42416156,0.024269,0.024379,2016-06-10 14:35:12,216.615,142.39,211000.0
867,0.02435,0.02422,6581.767603570001,6227.42416156,0.024269,0.024379,2016-06-10 14:35:21,216.615,142.39,211000.0
868,0.02435,0.02422,6581.767603570001,6227.42416156,0.02427,0.024379,2016-06-10 14:35:29,1.7,142.39,211000.0
869,0.02435,0.02422,6581.767603570001,6227.42416156,0.024305,0.024379,2016-06-10 14:35:37,135.98,142.39,211000.0
870,0.02435,0.02423,6581.767603570001,6227.41916156,0.024305,0.024379,2016-06-10 14:35:45,157.114,142.39,211000.0
871,0.02435,0.02423,6581.767603570001,6226.49294112,0.024305,0.024379,2016-06-10 14:35:54,157.114,142.39,211000.0
872,0.02435,0.02423,6587.387810640001,6226.49294112,0.024305,0.024379,2016-06-10 14:36:02,135.98,142.39,211000.0
